1916 2944
868 132 1175 181 -6-

122 254 200 292 105
229 243 322 293 has
359 244 504 307 pater
542 240 866 306 omnipotens
905 242 1161 293 nemorosi
1196 242 1252 291 in
1287 243 1420 292 ualle
1455 242 1642 308 Lycaei

233 313 468 362 adsuetas
507 310 644 360 duris
683 311 936 377 quondam
973 311 1242 362 uenatibus
1281 312 1484 362 aethrae

230 381 408 431 intulit
446 382 496 430 et
531 383 681 445 rapto
720 381 989 446 genetricis
1025 381 1147 431 flore
1186 382 1421 432 sacrauit.

230 452 311 500 uel
350 467 439 501 ceu
475 450 614 499 fama
652 450 835 500 dehinc
873 451 1020 501 docet
1057 451 1239 516 altera,
1277 449 1427 501 Creta
1463 451 1551 501 ubi
1586 451 1743 501 fluctu

230 520 460 570 tunditur
495 520 688 570 insanis
724 519 827 569 late
866 521 1183 571 circumsona
1221 521 1408 586 cauris,

122 602 201 640 110
231 589 463 655 Iuppiter
497 589 592 639 has
628 590 761 639 idem
797 607 965 640 rerum
1002 607 1196 641 memor
1231 590 1542 670 indultarum

232 663 282 709 et
318 659 601 710 custoditae
639 660 860 709 referens
898 660 985 725 pia
1023 660 1155 710 dona
1193 661 1393 725 salutis,

231 746 345 779 cum
381 746 507 794 puer
544 730 760 795 agrestis
799 729 933 779 inter
969 729 1182 780 Curetas
1220 732 1271 780 et
1306 730 1438 780 inter

229 798 469 849 Dictaeae
507 799 718 865 longum
755 799 904 848 latuit
942 799 1249 865 crepitacula
1285 801 1447 865 rupis,

230 868 468 918 scandere
504 869 878 934 flammigerum
915 869 1079 919 uictor
1114 869 1347 934 permisit
1378 869 1674 934 Olympum,

118 948 197 987 115
229 939 400 988 nescia
438 938 587 1003 signa
625 938 747 988 salis
783 939 1118 1003 nocturnique
1155 939 1318 989 inscia
1354 956 1500 988 casus

229 1007 436 1072 hospita
474 1010 525 1057 et
559 1008 754 1058 insanis
793 1008 1128 1073 aquilonibus.
1197 1009 1323 1058 haut
1357 1011 1530 1058 tamen
1567 1009 1680 1059 ollis

230 1094 319 1127 ora
354 1077 436 1127 uel
475 1077 686 1127 aduerso
725 1080 846 1127 sunt
883 1077 1037 1127 obuia
1072 1080 1282 1142 pectora
1319 1080 1461 1128 motu
1473 1116 1486 1143 ,

227 1164 379 1197 uersa
414 1146 683 1212 Lycaoniis
722 1147 810 1197 sed
848 1150 1166 1213 suspectatur
1201 1147 1254 1196 in
1291 1147 1422 1197 ursis

229 1215 395 1266 forma
433 1234 583 1281 super
621 1217 911 1282 pariterque
948 1218 1064 1282 polo
1102 1217 1320 1283 uestigia
1357 1217 1568 1283 librant,

120 1296 198 1335 120
229 1285 284 1335 in
321 1286 522 1350 spinam
560 1289 611 1336 et
648 1287 865 1336 flammis
904 1287 1134 1336 ardentia
1171 1287 1322 1336 dorsa
1357 1287 1592 1336 iacentes.

229 1355 301 1406 sic
338 1354 477 1406 Iouis
516 1356 719 1406 altrices
757 1358 970 1406 teretem
1006 1373 1164 1421 prope
1201 1356 1421 1406 cardinis
1459 1374 1604 1407 axem

226 1426 280 1473 in
312 1428 463 1490 caput
491 1425 643 1491 inque
673 1443 891 1490 umeros,
927 1425 1137 1476 Helice
1169 1424 1605 1491 Cynosuraque,
1642 1442 1819 1476 uersae

225 1495 456 1559 praescia
493 1496 723 1545 uenturis
762 1495 887 1545 dant
925 1512 1122 1560 semper
1160 1496 1308 1562 signa
1344 1496 1592 1560 procellis.

225 1581 442 1630 namque
478 1564 654 1615 Helice
693 1565 893 1630 Graios,
931 1565 1117 1630 Tyrios
1156 1564 1422 1631 Cynosura
1457 1582 1549 1630 per
1587 1565 1744 1615 altum

116 1644 197 1682 125
227 1650 387 1699 parua
423 1634 568 1700 regit.
639 1651 746 1684 non
783 1635 887 1684 ulla
923 1635 1086 1685 facem
1124 1635 1437 1685 succenderit
1472 1652 1714 1701 umquam

229 1704 379 1752 stella
416 1704 555 1768 prior
590 1721 753 1768 neque
790 1704 1133 1770 flammigeros
1172 1704 1398 1754 eduxerit
1435 1708 1577 1755 ortus

228 1775 346 1822 ante
384 1773 504 1838 alia,
541 1773 761 1823 inmerso
800 1790 914 1823 cum
951 1774 1055 1824 iam
1093 1774 1325 1824 Titanius
1363 1775 1484 1824 orbe

226 1842 451 1892 inbuerit
486 1844 704 1893 tremulo
742 1843 973 1893 Tartesia
1009 1846 1156 1908 terga
1192 1844 1396 1908 rubore,

228 1909 404 1962 Cresia
441 1929 593 1978 quam
630 1913 860 1963 flammas
897 1913 1029 1963 inter
1063 1914 1341 1978 primordia
1377 1914 1541 1964 noctis

116 1993 194 2030 130
226 1982 389 2031 maior
424 1984 545 2047 agat
580 1983 851 2048 uultusque
890 1999 1059 2033 sacros
1099 1983 1337 2034 ostendat
1374 1982 1610 2049 Olymp0.

221 2051 312 2100 illa
347 2051 467 2101 licet
502 2069 663 2116 paruo
702 2053 866 2102 iaceat
901 2055 1103 2103 temone
1139 2070 1230 2118 per
1267 2053 1517 2118 aethram,

218 2120 387 2170 uerior
422 2121 634 2171 infidum
671 2125 846 2172 tamen
885 2125 964 2172 est
1001 2123 1318 2173 currentibus
1358 2140 1558 2188 aequor.

219 2190 423 2240 cardine
459 2208 578 2240 nam
615 2194 725 2242 toto
765 2193 1078 2242 conuertitur
1117 2190 1266 2260 (haut
1302 2209 1445 2242 mora
1482 2193 1664 2258 longos

331 2360 408 2397 107
433 2357 562 2410 rapto
585 2369 609 2398 v
632 2358 785 2410 raptor
809 2356 918 2399 VAe
979 2360 1058 2400 108
1083 2357 1214 2400 Creta
1228 2357 1301 2399 Ae
1324 2369 1449 2399 creca
1473 2357 1514 2398 V
1570 2361 1648 2399 109
1674 2357 1813 2399 cauris

225 2410 266 2450 V
278 2411 452 2454 chauris
465 2413 508 2452 A
524 2412 663 2454 tauris
679 2425 700 2454 e
745 2417 823 2455 116
840 2412 951 2455 haut
967 2414 1133 2456 correxi
1148 2414 1226 2455 aut
1249 2413 1307 2456 Ve
1322 2412 1441 2455 haud
1455 2412 1499 2454 A
1540 2417 1618 2455 117
1636 2414 1815 2466 pectora

215 2466 287 2508 Ae
322 2468 506 2520 pectura
544 2466 586 2509 V
696 2473 775 2510 118
813 2467 1043 2521 Lycaoniis
1079 2482 1103 2511 v
1140 2468 1331 2532 lycaonii
1373 2468 1437 2511 Ve
1472 2468 1734 2521 Lychaoniis
1771 2469 1813 2510 A

217 2526 297 2564 125
341 2535 430 2565 non
472 2522 565 2565 ulla
608 2536 632 2565 v
670 2537 759 2567 non
794 2525 918 2566 nulla
960 2525 1071 2567 VAe
1165 2529 1242 2567 127
1272 2523 1462 2566 inmerso
1502 2523 1582 2565 VA
1612 2523 1812 2566 immerso

215 2591 235 2619 e
257 2579 311 2630 ef.
330 2580 472 2632 praef.
490 2592 538 2632 p.
565 2578 694 2621 XVI
745 2584 823 2622 128
846 2580 1306 2635 inbuerit(1mbuerit)
1331 2580 1508 2623 Grotius
1536 2579 1682 2622 inbuit
1710 2580 1746 2622 82
1776 2579 1817 2620 V

214 2634 378 2676 Imbuit
407 2636 453 2676 et
481 2634 553 2677 Ae
657 2640 735 2678 129
767 2635 965 2679 flammas
995 2649 1016 2678 e
1043 2636 1213 2690 ylamas
1253 2636 1294 2678 V
1317 2636 1471 2678 flamas
1501 2637 1544 2677 A
1641 2640 1717 2678 132
1748 2634 1812 2677 in-

215 2689 348 2730 fidum
380 2703 400 2732 e
428 2689 565 2732 infidu
604 2691 646 2733 V
669 2692 803 2734 infido
834 2693 877 2733 A
965 2696 1044 2734 133
1043 2651 1229 2746 ylongos
1259 2691 1332 2733 Ae
1359 2691 1516 2746 longus
1553 2690 1596 2733 V
