1916 2944
76 454 183 493 1660

77 804 184 843 1665

78 1154 185 1192 1670

79 1503 185 1542 1675

81 1854 188 1892 1680

839 122 1187 172 *68-

214 233 266 283 id
302 250 545 298 praesepe
582 235 783 283 uocant.
854 249 1011 297 porro
1049 233 1147 283 hoc
1183 250 1426 299 praesepe
1463 237 1670 298 repente

216 303 258 352 si
299 320 406 352 sese
447 319 507 352 ex
545 303 701 352 oculis
738 302 917 367 procul
955 301 1172 368 auferat,
1211 302 1386 353 ardeat
1423 306 1592 353 autem

216 388 470 438 congruus
509 372 660 422 aeriis
696 373 799 421 late
837 372 993 422 rubor
1030 373 1164 440 ignis
1203 373 1392 437 asellis,

213 459 531 508 nequaquam
569 444 750 491 tenues
790 442 1062 508 agitabunt
1099 445 1285 508 stagna
1320 443 1585 509 procellae.

215 515 269 562 at
307 513 349 561 si
388 513 636 562 sideribus
675 512 856 561 similis
894 512 980 561 lux
1018 512 1165 562 duret
1202 515 1252 562 et
1288 512 1364 561 illi

213 584 380 632 taetra
418 582 484 631 sit
521 582 737 648 effigies,
776 581 922 631 cadet
959 582 1074 631 altis
1112 582 1334 632 nubibus
1371 582 1535 632 imber

213 652 377 702 lenior
414 654 465 701 et
500 668 654 716 parco
692 669 813 702 mox
848 651 1001 702 tellus
1040 669 1155 702 rore
1192 651 1434 703 madebit.

215 722 302 771 sed
339 723 523 772 boreae
563 722 609 771 si
644 724 788 786 parte
825 722 983 772 trucis
1020 722 1165 772 uelut
1201 721 1376 788 indiga
1411 723 1574 772 iustae

217 793 365 842 stella
402 792 526 842 facis
562 792 702 842 lento
741 808 1049 842 marcescere
1087 791 1309 842 cernitur
1346 792 1486 857 igne,

215 865 266 912 et
301 862 480 927 procul
520 862 728 911 alterius
765 862 888 911 iuba
922 863 1026 911 late
1062 861 1248 928 flagrat
1285 862 1450 927 aselli,

213 932 450 997 protinus
487 931 798 997 Aethiopum
839 935 1015 999 surget
1051 931 1368 982 conuallibus
1406 935 1592 982 auster.

217 1005 270 1051 at
305 1002 514 1068 regione
551 1002 663 1051 noti
701 1002 745 1051 si
781 1002 945 1051 lucem
984 1001 1131 1051 stella
1168 1004 1424 1066 senescat,

217 1089 400 1121 saeuus
438 1071 682 1137 Riphaeis
721 1071 890 1136 aquilo
929 1071 1201 1136 crepitabit
1238 1071 1303 1121 ab
1342 1072 1458 1121 oris.

288 1142 422 1200 Quin
462 1144 512 1191 et
547 1141 763 1191 terrenis
803 1158 924 1205 cape
961 1142 1112 1190 rebus
1152 1143 1291 1207 certa
1326 1141 1617 1206 frequenter

217 1212 364 1278 signa
400 1211 752 1276 procellarum.
824 1228 946 1260 nam
983 1228 1098 1261 cum
1135 1213 1334 1261 traxere
1370 1214 1624 1261 tumorem

217 1298 439 1347 aequora
475 1281 751 1346 prolixum,
789 1298 904 1331 cum
940 1281 1095 1331 litora
1132 1297 1288 1330 curua
1323 1281 1574 1331 resultant

216 1353 398 1416 sponte
435 1351 611 1416 procul
648 1368 812 1416 neque
851 1351 1110 1401 caeruleus
1147 1350 1405 1401 colliditur
1441 1353 1633 1416 aestus,

217 1424 306 1471 aut
343 1438 457 1470 cum
493 1421 717 1486 proceris
755 1423 929 1470 uertex
967 1421 1021 1469 in
1057 1421 1317 1470 montibus
1354 1421 1491 1470 ultro

217 1491 491 1557 perstrepit
529 1491 743 1556 aerium,
779 1493 960 1541 uentos
997 1490 1189 1540 instare
1226 1491 1492 1540 docebunt.

286 1560 357 1610 Et
395 1578 508 1611 cum
545 1578 706 1625 parua
741 1561 869 1610 fulix
905 1560 1106 1625 trepido
1143 1560 1274 1625 petit
1311 1577 1434 1610 arua
1470 1559 1670 1625 uolatu,

219 1634 407 1698 stagna
445 1630 640 1696 sinens,
677 1631 959 1696 longasque
996 1631 1150 1679 iterat
1186 1631 1423 1696 clangore
1461 1630 1711 1696 querelas,

217 1701 411 1751 indicat
446 1701 640 1751 insanis
677 1700 810 1749 freta
846 1717 966 1750 mox
1004 1717 1268 1750 canescere
1305 1699 1486 1749 uentis,

219 1770 433 1836 denique
477 1788 591 1820 cum
629 1771 768 1820 caelo
805 1770 1084 1819 tenduntur
1119 1787 1245 1835 pura
1283 1787 1482 1834 serena,

220 1841 475 1891 saeuitura
511 1841 630 1905 polo
670 1843 792 1890 sunt
827 1839 1057 1904 flamina,
1096 1839 1290 1905 primus
1326 1839 1380 1889 in
1415 1839 1526 1904 ipsa

217 1929 336 1961 mox
373 1911 616 1976 picturati
655 1928 769 1960 cum
806 1909 962 1960 uertit
997 1910 1218 1974 pectoris
1258 1911 1397 1959 artus

333 2137 441 2174 1657
478 2133 524 2174 id
562 2144 582 2172 6
618 2130 665 2172 111
694 2131 738 2172 Α
855 2135 962 2173 1658
1002 2130 1174 2172 auferat
1202 2130 1382 2172 Grotius
1411 2130 1556 2172 aufert
1584 2130 1627 2171 A
1658 2130 1819 2172 auferri

219 2203 239 2231 6
262 2189 434 2230 auferet
453 2201 478 2230 v
540 2192 645 2229 1662
671 2187 801 2229 cadet
822 2200 842 2228 e
864 2188 963 2228 ruet
985 2187 1028 2228 A
1095 2190 1202 2228 1663
1225 2198 1356 2240 parco
1379 2199 1400 2227 e
1421 2198 1521 2240 pars
1546 2199 1597 2228 60
1620 2186 1664 2228 A
1686 2187 1701 2239 ΙΙ
1722 2199 1819 2229 1016

219 2243 419 2286 madebit
448 2258 469 2286 6
496 2256 640 2286 rorem
670 2243 821 2285 adebit
850 2243 892 2284 A
1011 2247 1118 2284 1664
1147 2242 1287 2284 iustae
1315 2255 1340 2284 v
1370 2241 1485 2284 iuste
1515 2242 1594 2284 Ae
1711 2247 1818 2284 1666

221 2300 400 2342 alterius
438 2314 458 2342 e
494 2299 697 2354 agitenus
729 2300 770 2344 A
895 2303 1001 2340 1668
1041 2300 1088 2340 313
1121 2311 1142 2340 6
1170 2299 1209 2339 A
1237 2298 1281 2339 A
1407 2302 1514 2340 1669
1551 2297 1762 2352 Riphaeis
1799 2310 1820 2340 6

220 2356 432 2410 Ripheisa
473 2356 646 2408 (deleuit
681 2354 741 2409 A)
777 2354 993 2408 Rhipheis
1030 2355 1073 2396 A
1108 2354 1124 2407 ΙΙ
1161 2352 1397 2407 crepitabit
1432 2367 1453 2395 6
1496 2353 1740 2407 trepidabit
1775 2353 1819 2395 A

221 2426 263 2454 u.
295 2415 411 2454 1670
440 2412 697 2454 inscribitur
728 2410 860 2453 Venti
890 2412 969 2452 Ae
1084 2414 1190 2452 1671
1223 2423 1322 2452 611111
1350 2411 1522 2451 traxere
1551 2410 1769 2452 tumorem
1799 2423 1820 2453 6

223 2470 430 2510 contraxe
468 2468 625 2509 humor
654 2466 698 2508 A
814 2471 920 2509 1673
953 2466 1177 2509 caeruleus
1206 2478 1232 2507 v
1269 2465 1460 2508 ceruleas
1490 2466 1533 2507 A
1571 2466 1768 2508 ceruleus
1798 2479 1819 2507 6

225 2527 332 2566 1675
363 2525 517 2566 uentos
549 2537 570 2565 6
597 2523 756 2565 uentus
786 2523 829 2564 A
933 2527 1039 2564 1677
1071 2521 1276 2575 clangore
1306 2535 1327 2563 6
1354 2521 1535 2575 langore
1565 2522 1608 2563 A
1711 2526 1816 2563 1679

223 2592 376 2621 serena
412 2593 433 2621 6
472 2592 625 2621 sereno
662 2580 705 2620 A
838 2582 946 2621 1680
983 2578 1204 2620 saeuitura
1238 2590 1264 2618 v
1301 2577 1445 2619 Seruit
1480 2589 1561 2619 ura
1596 2576 1640 2619 A
1677 2577 1818 2620 Serui·

221 2637 322 2676 tura
358 2648 378 2677 6
511 2639 618 2677 1681
656 2635 869 2688 picturati
904 2647 925 2676 6
961 2634 1088 2688 picea
1121 2634 1207 2676 rati
1244 2633 1286 2674 A
1315 2635 1330 2686 n
1359 2646 1457 2674 cum
1493 2633 1630 2676 uertit
1663 2634 1819 2686 scripsi

224 2691 277 2742 cf.
310 2691 488 2733 Hermes
520 2690 660 2731 XIII
678 2704 722 2745 p.
754 2694 838 2733 361
870 2704 912 2732 n.
943 2692 1000 2731 43
1030 2688 1248 2731 conuertit
1276 2689 1356 2730 Ae

1831 455 1896 487 335

1836 805 1899 836 340

1837 1154 1899 1186 345

1839 1501 1900 1534 350

1840 1851 1901 1883 355
