1916 2944
817 128 1159 178 -69-

195 241 411 302 sturnus·
439 238 586 302 edax,
622 241 822 303 premat
860 242 918 288 ut
953 242 1129 289 tenues
1167 239 1246 289 uis
1285 240 1436 290 obuia
1470 241 1672 305 plumas

194 311 244 358 et
278 325 342 357 ne
379 311 498 373 post
533 311 735 374 tergum
772 311 948 373 pateat
983 309 1312 374 penetrabilis
1351 326 1483 360 euro.

263 376 660 443 Latipedemque
699 381 899 428 anatem
937 395 1107 428 cernes
1145 379 1381 430 excedere
1417 382 1578 445 ponto

195 447 397 512 saepius
436 450 487 496 et
524 465 722 497 summa
757 448 972 498 nebulas
1011 465 1062 498 se
1099 448 1305 498 tendere
1343 466 1490 515 rupe,

193 517 394 582 iamque
433 533 583 581 super
619 517 795 567 latices
833 517 1014 567 florum
1050 518 1270 568 uolitare
1308 522 1564 569 senectam

193 587 554 652 stellarumque
592 603 760 637 0011138
798 588 967 652 rumpi
1004 588 1205 652 procul,
1243 587 1445 638 aethere
1483 589 1616 639 celso

192 656 419 706 decidere
455 657 511 706 in
546 658 730 721 terras,
767 657 1036 706 rutilarum
1075 673 1315 723 spargere
1352 658 1519 708 crines

191 726 511 776 flammarum
549 729 600 776 et
636 727 820 792 longos
859 744 889 775 a
925 730 1072 792 tergo
1110 727 1290 777 ducere
1327 730 1543 778 tractus:

193 796 310 846 inde
349 796 504 845 etiam
541 799 721 845 uentos
759 812 879 846 mox
917 796 1091 846 adfore
1127 801 1427 861 praemonet
1463 815 1599 847 usus.

264 865 455 925 Quodsi
492 865 706 915 diuersis
745 883 798 915 se
834 867 1026 944 passim
1063 866 1297 931 partibus
1334 867 1478 932 ignes

194 936 472 1001 excutiant,
509 938 677 984 uerret
711 936 924 1001 pelagus
963 936 1071 985 sine
1108 936 1206 985 fine
1244 935 1492 1002 modoque

191 1005 342 1054 turba
379 1005 738 1070 procellarum,
775 1005 817 1054 si
856 1005 968 1055 duri
1004 1006 1165 1055 limite
1204 1006 1268 1055 ab
1306 1007 1432 1071 euri,

193 1075 236 1124 si
274 1075 479 1140 regione
515 1075 648 1140 noti,
686 1075 730 1124 si
767 1075 893 1125 lenis
930 1078 1077 1140 parte
1113 1075 1290 1125 fauoni

194 1147 281 1194 aut
319 1145 378 1194 de
416 1144 653 1195 Bistonio
690 1144 869 1194 mundi
906 1145 1084 1209 procul
1122 1163 1215 1195 axe
1252 1148 1496 1195 coruscat.

264 1213 318 1264 Si
354 1217 588 1280 repetant
625 1217 849 1264 ueterem
885 1231 1041 1264 ranae
1078 1232 1168 1280 per
1206 1218 1386 1280 stagna
1423 1216 1698 1280 querelam,

192 1285 380 1334 uellera
418 1284 460 1334 si
499 1285 638 1334 caelo
677 1284 918 1348 uolitent,
956 1285 1000 1334 si
1037 1284 1255 1335 discolor
1289 1284 1386 1334 Iris

192 1353 429 1403 demittat
464 1354 666 1420 gemino
706 1371 759 1403 80
795 1354 1010 1416 fornice,
1047 1354 1262 1404 circulus
1302 1355 1472 1405 albam

193 1423 237 1473 si
274 1424 475 1474 stellam
511 1426 674 1473 taeter
708 1424 849 1473 uelut
886 1423 1098 1483 ambiat,
1138 1441 1358 1489 aequora
1394 1427 1601 1489 propter

197 1493 240 1543 si
278 1493 524 1558 crepitent
561 1493 816 1556 1101110108,
854 1493 898 1542 81
935 1493 1137 1559 gurgite
1175 1494 1375 1559 saepius
1415 1494 1519 1543 alto

193 1566 400 1628 pectora
436 1565 740 1626 mersentur,
778 1563 822 1612 si
859 1563 1034 1613 crebro
1075 1564 1278 1628 garrula
1314 1563 1533 1613 hirundo

194 1637 379 1699 stagna
417 1632 587 1698 adeat,
623 1633 807 1682 rutilae
845 1650 958 1682 cum
995 1637 1119 1682 sunt
1154 1633 1433 1697 primordia
1467 1633 1616 1698 lucis3

194 1703 239 1752 si
276 1702 552 1753 matutinas
589 1703 756 1752 ululae
793 1702 916 1752 dant
953 1703 1175 1752 carmine
1213 1720 1384 1767 110008,

194 1773 427 1837 improba
465 1773 508 1823 si
545 1773 719 1823 cornix
757 1775 910 1838 caput
947 1772 1065 1822 altis
1102 1772 1282 1822 inserit
1317 1773 1490 1837 undis,

194 1842 400 1892 flumine
436 1844 582 1908 terga
616 1843 815 1907 rigans,
854 1842 897 1891 si
933 1842 1097 1891 saeuit
1133 1845 1339 1906 gutture
1377 1860 1528 1893 rauco
1538 1882 1551 1908 ‚

191 1913 440 1979 plurimus
479 1912 712 1977 abruptis
750 1911 994 1962 fundetur
1030 1912 1251 1961 nubibus
1288 1912 1463 1962 imber.

262 1982 432 2032 Imber
469 1982 587 2046 erit,
623 1982 742 2032 latis
781 1999 894 2031 cum
931 1982 1117 2031 bucula
1151 1982 1364 2032 naribus
1402 1999 1550 2032 auras

194 2052 438 2117 concipit,
475 2055 525 2102 et
561 2052 665 2102 late
701 2052 888 2117 pluuiis
928 2051 1037 2100 sola
1075 2055 1257 2101 cuncta
1293 2052 1568 2117 natabunt,

307 2193 413 2231 1682
443 2190 595 2230 10111108
625 2203 645 2230 0
673 2193 801 2231 1011118
824 2189 867 2230 A
1012 2194 1118 2232 1683
1149 2191 1251 2242 post
1279 2191 1454 2244 tergum
1484 2203 1504 2230 0
1532 2191 1786 2243 postergam

191 2245 234 2286 A
327 2248 435 2286 1684
463 2244 810 2298 Latipedemque
839 2259 864 2286 v
894 2245 1006 2286 Lata
1033 2246 1279 2298 pedemque
1309 2245 1352 2286 A
1381 2245 1642 2298 Latipedem
1673 2259 1785 2298 quae

191 2314 212 2342 0
240 2301 255 2354 ΙΙ
291 2301 498 2343 excedere
534 2315 555 2342 e
592 2301 774 2342 exedere
811 2301 854 2341 A
972 2305 1077 2343 1685
1116 2315 1161 2342 se
1196 2300 1377 2343 tendere
1415 2315 1435 2343 0
1471 2301 1706 2344 ascendere
1742 2303 1785 2343 A

194 2361 301 2399 1686
339 2359 560 2398 senectam
589 2369 610 2398 0
639 2356 854 2398 senetiam
882 2356 926 2396 A
1061 2362 1168 2399 1690
1196 2371 1299 2398 usus
1330 2370 1350 2398 e
1380 2356 1476 2397 arui
1504 2358 1547 2398 A
1677 2362 1784 2399 1692

191 2413 339 2454 1101101
367 2425 388 2454 0
415 2414 561 2454 uertet
589 2412 633 2453 A
764 2417 870 2454 1693
903 2412 995 2454 euri
1025 2427 1044 2454 0
1074 2414 1165 2454 0311
1194 2415 1236 2453 A
1361 2417 1470 2454 1694
1499 2413 1668 2455 fauonii
1697 2426 1785 2455 cor-

192 2469 305 2510 rexit
325 2468 368 2509 A
390 2467 559 2511 fauonii
581 2482 602 2510 0
696 2473 802 2510 1696
825 2471 1030 2521 repetant
1050 2469 1109 2510 N.
1134 2468 1343 2510 Heinsius
1366 2470 1419 2519 cf.
1438 2470 1580 2521 praef.
1597 2483 1644 2521 p.
1663 2469 1790 2510 XIX

191 2525 397 2577 repetunt
426 2525 505 2566 Ae
600 2528 705 2566 1701
738 2523 924 2566 hirundo
955 2537 974 2565 0
1003 2524 1159 2567 irundo
1189 2526 1258 2566 A'
1330 2529 1437 2566 1702
1468 2527 1626 2578 stagna
1656 2525 1787 2567 adeat

192 2592 212 2621 0
241 2578 279 2621 81
315 2580 518 2633 (quinque
551 2581 792 2622 litterarum
819 2581 1009 2632 spatium
1038 2584 1240 2632 uacuum)
1271 2580 1405 2622 adeat
1433 2581 1476 2621 A
1504 2581 1519 2632 ΙΙ
1549 2582 1649 2623 sunt
1679 2580 1785 2622 Gro-

192 2636 278 2677 tius
315 2637 403 2677 sint
431 2636 475 2677 A
618 2640 726 2677 1703
763 2636 910 2679 11111130
944 2636 1050 2678 dant
1079 2651 1099 2679 0
1135 2636 1313 2678 hululae
1351 2636 1456 2678 dent
1489 2636 1531 2677 A
1678 2641 1783 2678 1707

191 2690 353 2734 bucula
381 2705 401 2735 0
429 2691 616 2734 1111001113
644 2692 688 2733 A

1808 464 1870 494 360

1809 812 1870 842 365

1810 1159 1872 1190 370

1810 1508 1872 1539 375

1809 1856 1872 1887 380
