1916 2944
95 494 175 534 605

93 845 175 883 610

95 1194 174 1232 615

94 1544 175 1582 620

95 1894 175 1931 625

833 96 1173 145 „26—

205 205 276 256 sic
314 222 500 271 anceps
538 205 737 256 numeri
773 206 833 255 fit
868 205 1042 256 fabula
1080 223 1265 272 sexque
1301 226 1392 274 per
1429 210 1659 261 aethram

204 275 449 341 uergilias
487 275 627 325 cerni
661 277 805 325 tenet
841 293 986 340 usus,
1024 275 1111 326 sed
1150 277 1300 327 simul
1339 276 1502 330 omnis

205 348 438 395 artauere
476 345 701 411 globum.
772 348 850 394 ter
885 345 939 394 in
977 363 1124 396 auras
1163 347 1380 412 angulus
1419 351 1522 400 exit

205 414 492 480 flammiger
530 417 581 464 et
616 414 790 464 mixtis
828 414 1120 465 Atlantides
1157 416 1362 482 ignibus
1401 420 1592 470 ardent.

205 501 298 534 nec
334 487 510 534 tamen
547 487 626 534 est
660 484 829 535 famae
868 485 1048 535 similis
1085 486 1253 552 uigor,
1292 489 1462 553 ampla
1499 508 1696 542 sorores

205 554 380 604 fabula
415 554 681 620 nobilitat,
717 555 897 605 modus
936 555 1051 605 ollis
1088 573 1269 620 parcus
1307 560 1359 607 et
1394 559 1528 625 ignis

205 623 292 673 uix
327 624 469 674 tenui
504 625 657 690 longe
693 625 804 675 face
840 625 902 675 fit
938 625 1243 690 spectabilis.
1314 627 1460 694 istas,

206 694 401 744 alterno
439 694 652 744 redeunt
687 711 801 744 cum
838 695 961 745 bina
998 696 1292 762 crepuscula
1327 699 1537 764 mundo,

207 780 295 813 seu
330 781 433 814 nox
471 765 684 814 astrales
723 765 896 815 adolet
932 781 1047 814 cum
1085 766 1287 815 caerula
1323 767 1576 835 flammas,

208 850 295 883 seu
332 835 614 885 matutinus
652 852 766 884 cum
805 835 972 885 sidera
1009 835 1179 886 disicit
1216 839 1378 903 ortus,

206 903 444 953 conuolui
482 905 622 954 caelo
662 922 887 954 summae
923 907 1072 970 pater
1109 907 1289 956 annuit
1326 908 1543 959 aethrae.

203 990 297 1023 nec
332 973 500 1024 minus
540 974 705 1024 arenti
742 992 856 1024 cum
893 975 1032 1025 crine
1069 975 1324 1026 attollitur
1362 981 1528 1028 aestas

205 1045 257 1092 et
294 1060 409 1093 cum
446 1060 574 1094 cana
611 1061 780 1094 comas
817 1044 951 1094 redit
987 1062 1120 1095 anno
1157 1046 1340 1096 bruma
1375 1047 1582 1113 rigenti,

204 1115 438 1178 tempora
475 1113 756 1180 designant.
829 1132 949 1164 nam
988 1115 1031 1164 si
1069 1131 1122 1164 se
1160 1117 1363 1182 gurgite
1400 1118 1587 1168 tollunt

206 1183 473 1249 Uergiliae,
511 1200 692 1234 curuas
729 1185 785 1234 in
821 1184 956 1234 flaua
991 1185 1199 1235 noualia
1233 1185 1390 1237 falces

206 1269 437 1303 exercere
475 1253 603 1318 dies3
643 1255 686 1304 si
722 1254 948 1304 condunt
985 1271 1202 1320 aequore
1239 1256 1493 1322 flammaS,

206 1322 442 1372 tellurem
479 1341 656 1389 presso
694 1324 1016 1388 proscindere
1052 1327 1251 1389 tempus
1289 1329 1476 1377 aratro.

274 1391 371 1442 Est
407 1393 618 1458 chelys
655 1394 743 1443 illa
780 1393 983 1460 dehinc,
1024 1396 1198 1444 tenero
1237 1413 1390 1460 quam
1427 1397 1550 1446 lusit
1586 1397 1639 1446 in
1678 1414 1803 1448 aeuo

204 1460 505 1527 Mercurius,
543 1480 698 1513 curua
734 1464 955 1529 religans
993 1464 1248 1514 testudine
1286 1465 1521 1531 chordas,

206 1533 263 1580 ut
297 1530 554 1583 Parnaseo
593 1551 777 1584 munus
814 1534 1145 1584 memorabile
1181 1534 1390 1586 Phoebo

205 1600 450 1652 formaret
484 1604 654 1652 neruis
693 1603 863 1668 opifex
902 1603 1068 1653 deus.·
1107 1603 1240 1654 hanc
1275 1605 1365 1655 ubi
1401 1623 1603 1655 rursum

206 1674 481 1722 concentus
522 1673 689 1737 superi
728 1673 1005 1738 compleuit
1040 1674 1251 1739 pulcher
1288 1675 1497 1741 Apollo,

206 1739 410 1806 Orphea
445 1741 685 1808 Pangaeo
724 1743 895 1793 docuit
932 1746 1134 1808 gestare
1174 1745 1267 1794 sub
1307 1747 1467 1795 antro,

204 1810 289 1860 hic
325 1811 429 1861 iam
466 1811 553 1861 fila
588 1829 774 1863 nouem
812 1812 960 1862 docta
997 1813 1051 1862 in
1087 1814 1434 1864 modulamina
1470 1816 1634 1865 mouit

206 1898 468 1931 musarum
506 1882 569 1931 ad
608 1883 826 1948 speciem
862 1900 1009 1933 musa
1047 1886 1208 1949 satus,
1244 1885 1332 1934 ille
1369 1887 1599 1950 repertor

206 1951 434 2001 carmina
469 1950 732 2002 Pleiadum
770 1970 981 2002 numero
1021 1953 1307 2004 deduxerat.
1381 1957 1434 2004 at
1471 1972 1584 2005 cum

205 2020 348 2085 inpia
384 2019 715 2072 Bassaridum
754 2022 1030 2088 carpsisset
1066 2023 1272 2073 dextera
1310 2027 1481 2074 uatem

318 2163 398 2201 601
423 2160 485 2202 sic
509 2173 669 2214 anceps
684 2161 727 2201 A
753 2160 1002 2214 siccanceps
1024 2159 1067 2202 V
1119 2165 1199 2204 607
1219 2162 1270 2203 fit
1294 2161 1461 2204 VsitA
1521 2166 1599 2204 609
1618 2162 1803 2204 astrales

206 2214 384 2257 Grotius
415 2217 630 2258 australes
659 2216 739 2258 VA
827 2220 908 2258 610
940 2216 1088 2259 disicit
1117 2218 1285 2259 correaei
1314 2217 1484 2260 dissicit
1515 2217 1555 2258 V
1575 2217 1739 2260 disiicit
1762 2220 1805 2260 A

204 2271 260 2320 ef.
292 2271 351 2313 ad
379 2285 420 2313 u.
453 2275 568 2315 1550
655 2277 738 2314 614
769 2272 1001 2325 designant
1027 2273 1070 2314 A
1100 2273 1348 2327 dissignant
1386 2273 1426 2314 V
1502 2278 1582 2316 615
1613 2273 1660 2315 in
1689 2273 1805 2316 flaua

211 2325 253 2367 V
276 2326 429 2369 inflare
457 2328 501 2369 A
589 2332 670 2370 616
701 2341 903 2371 exercere
932 2342 953 2370 e
983 2342 1188 2382 exergere
1224 2329 1266 2370 V
1290 2342 1471 2383 exegere
1501 2330 1544 2370 A
1645 2343 1686 2370 u.
1720 2333 1805 2371 618

205 2383 462 2426 z'n.‘3cr2'bitw1⁴
490 2383 647 2426 LVRA
686 2384 767 2426 VA
826 2389 906 2426 619
930 2384 1170 2427 Mercurius
1202 2385 1465 2427 VMercurii
1486 2384 1530 2426 A
1589 2389 1668 2427 623
1692 2386 1805 2427 Pan·

206 2451 317 2491 gaeo
353 2453 510 2482 manus
541 2445 565 2482 1
603 2453 826 2494 pengaseo
862 2454 1018 2482 manus
1045 2444 1075 2483 2
1116 2441 1157 2482 V
1182 2441 1378 2494 Pegaseo
1407 2441 1451 2483 A
1564 2455 1606 2483 u.
1640 2445 1729 2483 624
1766 2446 1805 2483 et

207 2497 296 2536 625
339 2497 497 2538 omittit
532 2497 575 2538 A
616 2510 659 2538 u.
698 2500 789 2539 626
824 2497 1080 2539 inscribitwr
1117 2510 1283 2552 cygnus
1321 2497 1505 2550 (partim
1541 2499 1725 2550 erasum)
1762 2498 1804 2538 A

208 2554 287 2591 626
325 2551 555 2594 Pleiadum
591 2565 774 2594 numero
811 2552 1063 2595 deduxerat.
1102 2553 1150 2594 at
1186 2567 1284 2594 cum
1326 2552 1368 2593 V
1391 2551 1552 2607 Apollo
1590 2552 1649 2594 du
1687 2554 1803 2606 (sicl)

205 2607 492 2649 memorandi]
530 2607 703 2650 duxerit
738 2621 888 2650 arcum
921 2609 963 2650 A
1079 2613 1158 2650 627
1196 2607 1320 2662 inpia
1357 2609 1635 2650 Bassaridum
1681 2609 1723 2649 V
1755 2609 1804 2649 In

205 2661 362 2714 quibus
393 2663 587 2705 saridum
617 2665 660 2706 A
