1916 2944
774 94 1109 144 -15-

149 222 242 270 pro
279 203 444 270 pudor
479 204 641 271 adque
679 205 842 256 dolor!
914 208 1151 255 nascetur
1186 205 1338 255 uilior
1375 208 1514 256 aetas

150 277 200 325 et
236 274 456 325 lacerata
492 291 648 340 genas
685 275 782 325 ibit
818 274 1034 325 Bellona
1069 291 1160 340 per
1196 275 1346 325 urbes

150 344 340 409 saucia,
377 347 435 394 ut
471 344 653 394 infidas
692 344 891 411 agitent
928 344 1205 394 certamina
1241 343 1460 395 mentis?

35 426 116 465 335
147 413 274 464 haec
308 414 396 463 ubi
432 416 718 478 permaesto
755 430 906 464 rauco
946 416 1273 480 congesserat
1309 431 1416 478 ore,

148 483 266 533 alite
303 499 548 548 procursu
587 500 695 533 sese
732 483 786 533 in
823 500 1048 533 connexa
1082 483 1278 534 ferebat

146 553 378 618 protinus
416 552 578 617 adque
616 553 788 603 oculos
825 552 1028 619 fugiens
1066 569 1221 603 exosa
1259 555 1559 619 sequentum

145 621 411 687 linquebat
447 624 621 672 coetus
658 622 933 672 hominum.
1000 622 1105 672 ruit
1139 623 1265 672 haec
1301 639 1499 688 quoque
1536 639 1737 673 rursum

145 690 351 741 uiuendi
388 691 542 742 series
581 709 639 742 ac
677 707 960 742 successere
1001 691 1234 756 pudendo

34 772 115 811 340
147 777 294 811 aerea
333 761 499 811 saecla
534 761 730 811 habitu.
800 760 940 811 fraus
978 762 1118 811 ilicet
1155 764 1205 811 et
1240 760 1380 811 furor
1417 761 1596 812 ardens

29 1119 110 1158 345

11 1430 111 1509 ι350

30 1813 111 1852 355

29 1953 109 1992 358

145 830 307 896 adque
344 833 582 880 cruentus
620 848 763 881 amor
801 830 1029 896 chalybis
1068 831 1335 896 segnisque
1373 830 1532 881 libido

144 902 195 949 et
230 899 522 950 malesuada
557 900 685 950 lucri
721 900 887 950 rabies
925 900 1083 965 subit,
1120 899 1291 950 omnia
1326 902 1490 950 terror

143 968 359 1035 degener
396 985 453 1019 ac
489 972 712 1019 maestae
747 969 904 1020 facies
941 969 1225 1020 formidinis
1262 970 1433 1034 inplet.

144 1039 324 1088 secreti
359 1038 639 1089 inmodicus
678 1039 811 1088 uada
847 1039 1064 1105 gurgitis
1101 1039 1283 1089 ultima
1318 1042 1492 1089 uersat

141 1107 352 1173 Tiphys,
389 1107 658 1174 Agenoreo
698 1109 833 1159 color
870 1109 988 1159 hinc
1025 1108 1286 1158 mentirier
1323 1111 1462 1159 ostro

141 1176 323 1242 incipit
358 1176 726 1244 Assyriumque
763 1178 948 1228 bibunt
982 1195 1118 1229 noua
1154 1178 1345 1228 uellera
1380 1178 1578 1243 fucum,

142 1247 282 1296 ebria
317 1249 375 1296 ut
413 1250 638 1297 extremo
676 1247 995 1312 splendescat
1030 1248 1149 1299 lana
1185 1264 1397 1297 ueneno.

142 1315 214 1365 sic
249 1316 385 1366 iusta
422 1317 476 1365 in
511 1317 729 1382 populos
766 1334 885 1367 mox
921 1317 1140 1383 uirginis
1177 1317 1463 1381 inculpatae

142 1402 370 1435 exarsere
408 1385 523 1435 odia
559 1389 610 1435 et
647 1387 841 1436 caelum
879 1386 1170 1451 pernicibus
1207 1386 1368 1436 intrat

142 1455 260 1504 diua
297 1455 390 1504 alis
430 1456 750 1521 spatiumque
789 1456 887 1506 sibi
925 1457 1168 1506 subuecta
1203 1472 1294 1520 per
1329 1472 1501 1518 auras,

141 1524 271 1574 unde
309 1526 483 1589 procul
517 1527 680 1575 terras
718 1543 914 1575 summa
950 1526 1036 1575 uix
1071 1527 1297 1575 cerneret
1333 1525 1530 1590 aethra,

139 1596 347 1658 propter
384 1594 565 1644 anhela
599 1595 764 1644 libens
800 1595 903 1644 late
941 1596 1078 1660 capit
1115 1597 1252 1644 astra
1288 1593 1481 1645 Bootis.

209 1662 365 1714 Istius
403 1664 640 1714 extremis
678 1681 967 1714 umerorum
1004 1664 1232 1728 partibus
1270 1667 1420 1729 urget

141 1733 288 1782 stella
324 1732 487 1783 facem
525 1734 760 1799 qualique
797 1734 982 1784 rubent
1018 1733 1252 1784 incendia
1288 1733 1512 1799 flamma,

143 1818 269 1866 quae
308 1802 536 1852 subiecta
571 1804 750 1868 procul
787 1803 999 1853 caudam
1036 1802 1243 1853 maioris
1281 1803 1344 1852 ad
1381 1820 1529 1852 ursae

141 1871 328 1921 uertice
364 1873 610 1923 brumalis
648 1873 1116 1924 circumuoluuntur
1152 1871 1376 1937 Olympi,

139 1941 359 2005 plurima
397 1941 582 2006 quippe
619 1943 794 2007 procul
832 1943 1021 1992 claram
1059 1942 1145 1991 fax
1184 1942 1326 1991 ardet
1362 1942 1415 1990 in
1452 1944 1648 2007 arcton,

250 2111 332 2148 334
376 2106 532 2148 infidas
569 2106 742 2160 agitent
787 2106 856 2148 Ve
891 2106 1035 2148 infidis
1072 2106 1244 2160 agitent
1272 2119 1323 2149 ex
1366 2105 1502 2148 infida
1540 2106 1732 2159 sagitent

136 2175 291 2205 mamus
319 2167 350 2206 2
386 2163 429 2204 A
465 2163 481 2216 ΙΙ
516 2162 675 2204 mentis
718 2162 754 2204 V
796 2162 951 2204 meteis
988 2162 1032 2203 A
1068 2164 1208 2204 metas
1244 2176 1265 2204 e
1407 2166 1487 2204 336
1529 2175 1621 2205 sese
1666 2163 1731 2205 Vc

138 2231 232 2261 sere
263 2221 299 2272 (r
330 2218 494 2262 litterae
515 2231 626 2271 pars
655 2230 779 2260 erasa
808 2218 997 2270 uidetur)
1028 2218 1070 2259 A
1172 2223 1251 2260 337
1283 2220 1543 2271 sequentum
1571 2217 1636 2260 Ae
1667 2231 1731 2260 se-

136 2273 364 2327 quentium
398 2273 442 2316 V
482 2278 584 2339 ,339
616 2273 749 2371 sgries
775 2275 850 2370 {Ae
868 2273 1115 2372 ἒὲἒξηὲἵ
1180 2278 1271 2371 ζῇ
1291 2273 1550 2371 Ἔξὶἶειιεαᾶῐὲ
1576 2274 1732 2371 &malles-

137 2343 187 2427 {1
190 2330 919 2440 alflzssggssbqregtAPAgeffgsgosV
1029 2389 1109 2428 346
1147 2385 1314 2427 uellera
1342 2343 1614 2427 Eeyuellara
1631 2344 1694 2427 pV
1717 2385 1732 2441 ΙΙ

137 2441 284 2483 fucum
326 2441 368 2483 V
397 2442 572 2484 succum
599 2442 643 2483 A
679 2440 851 2483 succum
881 2454 902 2483 e
1015 2445 1094 2483 347
1134 2441 1330 2504 entremo
1376 2440 1435 2483 Ve
1473 2442 1651 2484 externo
1687 2443 1731 2483 A

138 2542 219 2580 348
249 2538 365 2581 iusta
387 2552 408 2582 e
429 2538 553 2581 iuxta
583 2539 664 2580 VA
734 2543 813 2581 352
844 2539 1022 2592 propter
1053 2538 1112 2581 Ve
1133 2506 1315 2592 &313ng
1336 2537 1380 2580 A
1445 2541 1526 2581 356
1550 2537 1731 2580 circum-

137 2594 374 2636 uoluuntur
395 2595 439 2636 A
469 2594 819 2637 circumuoluunt
850 2594 890 2637 V
970 2607 1014 2637 u.
1038 2596 1127 2637 358
1154 2595 1224 2637 hic
1245 2595 1454 2638 collocaui
1475 2594 1530 2647 cf.
1554 2593 1732 2637 Hermes

140 2649 287 2692 XIII
301 2663 349 2706 p.
381 2653 469 2694 358
497 2664 540 2692 n.
571 2654 628 2693 36
658 2650 822 2693 claram
849 2650 1004 2704 scripsi
1033 2650 1154 2692 clara
1191 2649 1272 2692 VA
