1916 2944
762 112 1101 162 *33-

138 243 227 276 ora
263 225 471 274 inimica
509 224 631 274 salo,
703 240 824 272 nam
863 239 962 288 qua
999 239 1052 273 se
1090 222 1288 288 laniger
1326 222 1430 272 alto

139 295 276 345 caelo
315 294 444 343 aries
481 294 640 358 tollit,
678 309 777 358 qua
812 292 1035 357 piscibus
1067 294 1212 342 astra
1248 291 1443 341 duobus

27 378 108 418 775
139 366 407 430 augentur,
442 363 620 412 rutilat
657 362 834 411 subter
866 360 1054 411 Nereia
1089 362 1291 426 pistrix,

29 725 110 764 780

140 434 291 484 efflua
326 449 624 498 percurrens
659 449 763 482 non
800 431 1019 481 multum
1055 430 1280 481 fluminis
1318 432 1470 480 astra.

138 503 229 552 illa
265 519 458 552 memor
494 502 679 567 longae
715 501 1023 565 formidinis,
1059 501 1148 550 illa
1184 499 1398 550 duorum

137 573 271 622 inter
309 572 458 637 signa
493 574 646 621 tenax
681 571 856 620 horret
893 570 1180 635 squalentia
1216 569 1433 620 monstri

138 645 284 707 terga
319 641 495 706 procul
531 641 872 706 pauidumque
909 657 1060 704 super
1096 642 1249 704 caput
1283 638 1464 688 inserit
1499 637 1663 688 undis.

210 710 344 769 Quin
381 713 432 760 et
469 711 698 760 caeruleo
727 710 958 759 flumen
994 725 1192 774 quoque
1230 709 1433 774 gurgite
1471 710 1646 757 manat

142 783 284 831 astra
320 780 454 830 inter
490 780 732 844 sedesque
770 779 933 830 deum.
1005 795 1126 842 pars
1164 794 1352 843 aequor
1388 777 1440 827 id
1477 794 1587 827 esse

141 849 364 900 credidit.
437 849 653 900 Ausonii
688 866 908 913 namque
945 847 1080 898 hunc
1117 847 1284 897 dixere
1321 847 1516 912 priores

139 919 442 983 Eridanum,
479 919 704 969 Venetos
740 919 842 967 late
881 918 968 982 qui
1004 918 1179 982 lapsus
1216 917 1270 967 in
1307 933 1458 982 agros

140 989 328 1053 Alpino
365 987 647 1038 Hadriacos
686 987 890 1052 inpellit
927 987 1129 1052 gurgite
1164 986 1362 1036 fluctus.

31 1070 111 1110 785
141 1058 225 1108 hic
260 1058 430 1108 fusum
467 1058 608 1108 caelo
646 1056 902 1122 quondam
938 1055 1260 1106 Phaethonta
1296 1056 1390 1105 sub
1428 1055 1586 1106 undas

145 1129 342 1192 excepit
379 1127 567 1192 senior,
604 1127 716 1177 leue
755 1144 870 1176 cum
908 1142 1107 1175 sensere
1145 1126 1340 1190 iugales

145 1197 359 1247 aetherii
394 1198 606 1247 rectoris
645 1213 773 1246 onus
810 1212 1024 1261 cumque
1061 1194 1248 1260 ignifer
1285 1194 1395 1244 axis

143 1267 346 1316 tramite
385 1267 477 1315 sub
515 1265 691 1316 mundi
728 1266 968 1316 mortales
1005 1265 1202 1330 spreuit
1235 1264 1474 1314 habenas.

59 1364 69 1372 ·
147 1336 307 1385 didita
342 1337 452 1384 tum
488 1337 588 1384 late
626 1339 794 1384 texere
830 1333 1061 1384 incendia
1096 1337 1278 1398 terras3

2 1424 3 1427 ’
35 1419 115 1457 790

35 1765 115 1805 795

148 1408 285 1454 astra
321 1421 478 1454 uorax
514 1404 670 1470 ignis,
705 1404 940 1453 flammae
978 1404 1088 1454 sola
1125 1406 1305 1452 cuncta
1341 1401 1647 1467 coquebant,

145 1475 305 1524 donec
342 1473 450 1523 fata
488 1475 566 1524 sui
603 1474 872 1523 miseratus
910 1472 1143 1537 Iuppiter
1179 1472 1319 1522 orbis

145 1543 376 1593 redderet
412 1543 623 1593 aetherii
658 1543 864 1593 Phoebo
901 1542 1248 1592 moderamina
1285 1558 1477 1591 cursus.

145 1614 291 1663 illum
327 1613 535 1677 prolixis
575 1612 727 1662 durae
764 1611 1162 1662 Phaethontides
1201 1611 1332 1661 alnis

145 1684 470 1747 planxerunt,
507 1682 658 1732 rediit
696 1698 878 1746 supero
915 1699 1014 1746 pax
1051 1698 1204 1730 aurea
1241 1680 1430 1730 mundo

146 1752 525 1816 Eridanumque
564 1769 734 1801 senem
770 1754 898 1800 nutu
933 1750 1071 1800 Iouis
1110 1749 1477 1815 omniparentis

146 1825 286 1872 astra
320 1824 631 1886 receperunt.
701 1820 943 1870 Pharium
981 1838 1099 1885 pars
1139 1820 1303 1869 altera
1340 1818 1516 1869 Nilum

147 1893 511 1955 conmemorat,
547 1892 691 1956 largo
731 1893 927 1956 segetes
967 1888 1102 1955 quod
1136 1890 1330 1939 nutriat
1368 1888 1508 1939 amni
1591 1951 1594 1955 .

260 2116 340 2154 776
379 2111 568 2152 multum
602 2110 713 2152 VAe
742 2109 871 2150 multi
899 2122 924 2151 v
955 2109 1009 2161 cf.
1041 2109 1218 2151 Hermes
1249 2108 1399 2150 XIII
1418 2121 1466 2164 p.
1499 2109 1584 2151 360
1611 2121 1654 2150 n.
1686 2111 1743 2151 39

149 2172 228 2210 777
273 2166 519 2208 formidinis
564 2166 607 2207 V
647 2166 831 2208 correxit
867 2165 909 2206 A
945 2166 960 2218 ΙΙ
1003 2165 1187 2206 duorum
1231 2163 1313 2206 VA
1351 2177 1528 2206 suorum
1565 2164 1744 2206 Grotius

147 2237 190 2265 u.
216 2225 302 2265 780
331 2223 586 2264 inscribitur
606 2220 844 2263 FLVMEN
875 2220 956 2262 VA
1034 2225 1114 2263 780
1137 2222 1290 2262 manat
1310 2221 1467 2273 scripsi
1489 2220 1544 2271 cf.
1567 2220 1745 2262 Hermes

151 2279 263 2320 XII
291 2292 338 2332 p.
379 2281 464 2321 156
498 2292 541 2320 sn.
572 2281 632 2320 23
669 2290 820 2319 manas
859 2276 900 2316 V
925 2289 1108 2318 manans
1138 2275 1181 2317 A
1269 2279 1348 2318 781
1380 2288 1544 2328 aequor
1571 2276 1620 2317 id
1650 2287 1743 2317 esse

150 2334 328 2376 Grotius
351 2333 551 2387 aequoris
574 2346 669 2375 esse
694 2333 775 2374 VA
834 2336 913 2374 783
938 2331 1177 2373 Eridanum
1199 2332 1243 2373 A
1266 2331 1537 2373 Heridanum
1567 2330 1609 2372 V
1663 2334 1744 2372 785

149 2390 428 2432 Phaethonta
465 2390 507 2431 V
531 2389 778 2431 Phaetonta
807 2388 851 2429 A
951 2392 1030 2430 787
1062 2401 1169 2429 onus
1207 2387 1249 2429 V
1272 2388 1414 2429 honus
1444 2387 1487 2427 A
1515 2388 1531 2439 ΙΙ
1559 2398 1745 2438 cumque

152 2444 312 2499 ignifer
349 2446 391 2487 V
425 2459 522 2488 cum
560 2444 740 2508 signifer
767 2445 811 2486 A
863 2500 871 2509 ῃ
927 2447 1007 2506 788
1044 2444 1238 2485 habenas
1269 2444 1311 2484 A
1349 2443 1552 2485 detritum
1585 2446 1634 2483 ut
1663 2442 1746 2497 leqi

152 2501 419 2619 ssfisszssffiess
440 2497 1746 2610 ΡῗὲθτῗέἐὲἓεῗῖῗιΐιῗᾶἒῖᾏᾱῃῖἓῖρῖἓῗιᾱὲῗὲἱέΝῩἙεῖηξῗᾶὲ

152 2612 267 2654 ulms
314 2611 395 2653 VA
510 2617 590 2654 795
626 2611 953 2664 Eridanumque
983 2612 1026 2652 A
1062 2610 1423 2664 Heridanumque
1462 2609 1503 2651 V
1530 2609 1547 2663 ss
1580 2610 1689 2651 nutu
1725 2621 1747 2649 e

152 2667 298 2709 nuntii
334 2667 376 2709 V
398 2681 503 2710 nam
531 2669 626 2709 tum
655 2668 698 2708 A

236 2743 368 2774 Auieni
391 2744 525 2775 Aratea
548 2745 601 2775 ed.
623 2744 785 2783 Breysig.
1469 2739 1493 2777 3
