1916 2944
826 111 1163 161 —49-

201 220 366 271 audax
399 223 459 270 ut
494 220 694 271 facinus
731 220 920 271 donum
956 222 1088 271 foret
1125 221 1446 286 Oenopioni?

21 343 23 346 Α
201 291 354 357 digna
391 290 477 341 sed
513 291 767 340 inmodico
804 308 994 341 merces
1033 292 1176 341 stetit
1210 292 1368 341 illicet
1406 309 1544 342 ausu.

10 368 23 418 ἰ
56 373 169 414 1185
201 378 320 410 nam
358 360 452 410 dea
488 360 710 410 nubiferi
746 378 1077 425 perrumpens
1114 362 1310 411 uiscera
1346 362 1547 428 montis,

201 430 362 480 dirum
400 429 560 480 antris
600 430 788 479 animal
826 447 1004 480 saeuos
1042 431 1204 480 uomit
1240 430 1406 480 hostis
1442 431 1496 481 in
1533 434 1689 482 artus.

201 515 321 565 ergo
358 502 416 549 ut
449 499 650 549 falcatis
688 502 971 550 monstrum
1009 501 1138 565 petit
1176 499 1367 550 Oriona

199 569 451 619 morsibus
490 571 542 618 et
577 572 712 619 totas
750 569 804 619 in
841 570 1070 619 membra
1106 569 1294 619 ferocia
1331 569 1501 619 chelas

16 683 19 694 ζ
199 638 397 703 intulit,
434 639 519 688 ille
556 639 679 688 mali
716 657 908 704 poenas
945 640 1054 690 luit.
1125 640 1226 689 ista
1262 639 1422 689 furori

64 721 170 759 1190
198 678 427 773 praemia
463 709 729 758 debentur·
768 711 887 759 sunt
922 709 1047 759 haec
1085 709 1368 759 conmercia
1404 708 1554 758 laesis

14 791 16 793 ’
201 795 398 843 semper
433 779 740 829 numinibus.
811 781 976 828 metus
1015 779 1118 844 hic,
1154 780 1320 827 metus
1361 795 1477 828 acer
1513 778 1567 827 in
1605 781 1743 828 astro

199 851 465 913 permanet
502 851 574 913 et,
611 849 774 912 primo
813 865 927 898 cum
966 848 1195 913 scorpius
1234 848 1399 896 editur
1437 849 1572 912 ortu7

202 916 360 969 Orion
396 918 595 982 trepido
635 920 797 968 terrae
835 918 963 983 petit
1001 919 1187 967 extima
1226 934 1389 967 cursu.

202 1003 294 1037 nec
330 987 497 1037 minus
536 986 892 1038 Andromedae
930 987 1170 1053 quidquid
1207 986 1462 1037 uolitabat
1498 987 1552 1035 in
1590 987 1767 1037 aethra

15 1070 41 1105 j.
47 1059 172 1119 ξ1195
204 1059 255 1106 et
293 1057 460 1122 siquid
496 1057 672 1121 pistris
710 1058 960 1136 reliquum
997 1074 1222 1107 conuexa
1257 1056 1532 1120 uehebant,

39 1123 54 1199 J}
201 1126 299 1176 hoc
337 1126 532 1177 oriente
567 1130 734 1177 ruunt.
801 1127 964 1177 omnis
1003 1127 1180 1192 procul
1217 1126 1271 1175 in
1307 1126 1438 1175 uada
1473 1129 1638 1175 terror

16 1201 51 1246 a!
201 1197 380 1246 inserit
418 1199 469 1246 et
505 1199 713 1247 cunctos
750 1214 912 1262 pauor
948 1214 1078 1246 unus
1116 1197 1171 1246 in
1209 1212 1428 1259 aequora
1466 1196 1617 1261 cogit.

204 1264 434 1331 Cepheus
472 1267 580 1330 ipse
619 1269 771 1331 caput
808 1266 1126 1331 distentaque
1163 1265 1374 1315 brachia
1410 1267 1557 1314 uasto

203 1336 431 1385 induitur
467 1339 648 1400 ponto,
684 1336 916 1386 tellurem
954 1335 1159 1400 cingula
1196 1335 1383 1384 radunt

66 1417 173 1455 1200
205 1406 393 1455 extima
430 1408 480 1455 et
516 1404 716 1455 Oceano
754 1407 1043 1455 mersantur
1078 1407 1286 1469 pectora
1321 1420 1474 1453 rauco

205 1475 311 1524 sola
348 1475 502 1539 senis3
541 1475 751 1524 relicum
788 1476 936 1540 polus
975 1477 1056 1524 ast
1093 1492 1122 1524 a
1157 1474 1305 1524 litore
1344 1476 1541 1538 uersat,

205 1561 402 1609 semper
438 1545 772 1594 inocciduum.
846 1544 1078 1610 genetrix
1115 1560 1314 1609 quoque
1351 1541 1617 1607 Cassiepia

206 1613 371 1663 sidera
405 1615 698 1679 praecipitis
737 1615 963 1679 sequitur
997 1614 1224 1663 labentia
1260 1614 1411 1663 natae

206 1683 578 1748 deformemque
615 1684 775 1734 trahit
810 1684 987 1749 procul
1022 1684 1075 1732 in
1112 1683 1243 1733 uada
1281 1699 1430 1731 caeca
1464 1682 1679 1731 ruinam.

4 1777 8 1795 r
70 1765 175 1804 1205
207 1770 369 1818 prona
406 1756 559 1818 caput
596 1754 748 1819 solio,
788 1754 915 1804 solio
953 1753 1173 1819 uestigia
1210 1753 1273 1802 ab
1314 1753 1417 1802 alto

208 1823 432 1874 sustollit
467 1824 754 1874 miseranda
791 1841 956 1888 super.
1023 1822 1186 1888 quatit
1221 1822 1299 1871 ira
1336 1821 1573 1885 furorque

322 2061 428 2100 1183
466 2059 517 2100 ut
558 2057 736 2101 Grotius
773 2060 851 2101 aut
896 2058 976 2100 VA
1006 2059 1020 2110 ΙΙ
1051 2055 1296 2110 Oenopioni
1339 2054 1381 2096 V
1408 2054 1529 2097 Oeno
1566 2056 1688 2110 pioni
1717 2059 1760 2100 A
1789 2057 1801 2113 ll

212 2111 320 2154 1184
351 2127 460 2156 ausu
489 2128 509 2156 e
538 2128 618 2156 asu
649 2115 690 2155 V
716 2117 807 2157 astr
836 2115 1024 2168 (deleuit)
1057 2127 1134 2155 asu
1156 2114 1198 2154 A
1316 2114 1423 2152 1185
1453 2124 1736 2167 perrumpens
1760 2117 1802 2157 A

208 2169 435 2223 ferrfipens
473 2169 514 2211 V
593 2175 698 2212 1186
728 2171 774 2212 in
804 2172 924 2212 artus
962 2170 1004 2211 V
1030 2182 1202 2211 amarus
1232 2167 1275 2208 A
1350 2171 1456 2209 1189
1487 2168 1594 2210 mali
1625 2170 1803 2214 Grotius

209 2225 326 2267 malo
372 2225 454 2267 VA
569 2231 676 2268 1190
714 2227 844 2268 laesis
881 2240 902 2268 e
937 2225 1076 2268 laenis
1119 2224 1160 2266 V
1193 2236 1300 2266 corr.
1330 2223 1374 2264 A
1491 2229 1598 2266 1194
1635 2227 1803 2270 Andro-

209 2280 363 2323 medae
407 2295 431 2323 v
475 2280 756 2324 Andromeda
800 2283 867 2325 est
917 2282 1035 2323 VAe
1069 2282 1084 2335 ΙΙ
1127 2279 1347 2321 uolitabat
1391 2278 1428 2319 A
1472 2281 1680 2324 uolitabit
1726 2283 1767 2324 V
1789 2283 1805 2339 Η

210 2337 364 2378 aethra
409 2337 588 2380 Grotius
631 2339 833 2380 aethram
886 2338 967 2379 VA
1085 2339 1189 2378 1195
1234 2333 1382 2389 pistris
1428 2334 1606 2378 Grotius
1648 2338 1806 2391 pistrix

220 2391 301 2433 VA
322 2394 337 2446 u
358 2393 580 2435 uehebant
608 2408 629 2436 e
657 2394 850 2436 uehebat
888 2394 968 2435 VA
1058 2397 1164 2434 1198
1194 2392 1321 2432 uasto
1352 2389 1395 2431 A
1424 2404 1530 2434 corr
1572 2392 1614 2433 V
1697 2399 1802 2436 1201

213 2449 280 2489 ast
317 2461 341 2490 v
383 2462 460 2491 om.
502 2449 618 2492 VAe
653 2451 668 2503 ΙΙ
703 2452 852 2492 uersat
896 2450 937 2491 V
975 2449 1172 2491 reuersat
1215 2447 1257 2488 A
1374 2451 1480 2488 1202
1525 2448 1806 2492 inocciduum

213 2502 536 2547 Schaubachius
574 2505 621 2547 in
666 2506 847 2548 occiduo
886 2505 968 2546 VA
1004 2505 1018 2558 11
1057 2502 1279 2556 Cassiepia
1316 2514 1337 2543 e
1373 2502 1597 2558 Cassiepia
1637 2505 1677 2547 V
1703 2505 1805 2548 Cas-

213 2559 363 2612 siopea
392 2561 434 2602 A
516 2565 622 2603 1205
655 2563 788 2615 caput
810 2563 851 2603 A
881 2562 1100 2614 caputque
1131 2560 1205 2613 Vn
1227 2557 1337 2599 solio
1368 2560 1523 2612 scripsi
1551 2562 1604 2612 ef.
1629 2562 1807 2604 Hermes

217 2614 346 2656 XVI
375 2629 420 2669 p
460 2620 544 2660 127
580 2631 621 2659 n.
661 2622 720 2660 85
755 2617 866 2660 sollo
906 2617 947 2658 V
981 2617 1073 2658 solo
1103 2616 1146 2657 A
1291 2617 1398 2656 1206
1437 2628 1568 2669 super
1606 2617 1750 2670 uqatit
1786 2631 1807 2660 e

215 2673 488 2725 superquatit
524 2672 566 2714 V
589 2687 716 2727 super
747 2675 880 2727 caput
909 2673 1055 2726 quatit
1085 2671 1237 2726 (caput
1265 2670 1438 2726 deleuit)
1467 2672 1511 2713 A

295 2749 429 2779 Auieni
452 2752 586 2781 Aratea
609 2751 663 2781 ed.
687 2751 848 2790 Breysig.
1529 2745 1556 2781 4
