1916 2944
97 517 204 556 1410

96 865 204 905 1415

94 1214 203 1254 1420

863 115 1202 164 ..58-

236 226 469 292 aequoris
508 228 558 275 et
594 241 810 291 magnos
848 225 975 275 caeli
1012 225 1197 275 callere
1232 225 1505 290 tumultus,

236 313 362 362 quos
402 295 485 344 det
522 297 658 345 certa
695 295 822 360 dies,
859 295 945 360 qui
980 295 1124 361 longi
1160 297 1386 359 tempore
1424 295 1612 345 mensis

236 368 590 430 astrorumque
627 365 736 415 uice
774 366 824 413 et
859 364 1034 414 mundi
1070 364 1269 415 ratione
1305 363 1590 415 trahantur.

236 435 366 485 aeris
404 433 650 485 inmadidi
688 434 925 500 quiddam
961 435 1140 484 tellure
1178 436 1404 484 creatum

236 505 551 570 spiramenta
587 507 814 554 uomunt.
886 504 964 554 uis
1000 504 1098 554 hoc
1135 521 1249 554 cum
1284 503 1416 554 fudit
1451 504 1505 553 in
1543 521 1691 554 auras
1848 520 1888 552 85

234 592 501 639 uenarum,
540 575 735 625 occulte
771 574 948 639 patulo
985 575 1296 638 praetexitur
1333 589 1456 639 agro

234 644 575 694 insubiectum
613 644 770 694 0011113
806 646 1093 709 terramque
1132 647 1428 709 supernatat
1464 660 1686 693 omnem:

234 714 388 763 uuida
425 714 684 779 materies,
723 731 875 779 quam
913 730 1026 764 cum
1065 714 1203 764 calor
1239 714 1643 780 ignicomantum

234 783 410 834 hausit
447 784 732 849 stellarum,
771 801 980 849 superas
1019 784 1255 834 subducit
1290 784 1343 833 in
1381 801 1530 833 auras

236 856 286 903 et
321 857 555 904 concreta
592 853 677 903 diu
714 854 979 920 conpingit
1013 853 1190 904 nubila
1226 854 1429 904 mundo.
1849 869 1889 900 90

235 924 279 973 si
315 923 481 973 minor
518 923 642 973 haec
679 923 868 973 madidi
905 924 1194 973 substantia
1231 925 1452 989 caespite
1491 924 1554 973 ab
1593 923 1696 973 imo

235 993 537 1059 subrigitur,
573 996 751 1044 tenues
787 993 1002 1043 nebulae
1040 993 1256 1059 caligine
1292 994 1407 1043 fusa

233 1062 514 1113 tenduntur
551 1063 707 1113 caelo.
779 1063 858 1112 uis
897 1065 1068 1113 autem
1107 1063 1287 1113 siccior
1324 1063 1412 1113 olli

235 1150 348 1182 011111
385 1132 502 1199 fuit,
540 1133 593 1182 in
630 1134 814 1183 celeres
853 1133 1146 1183 dissoluitur
1182 1133 1402 1198 undique
1439 1137 1619 1185 uentos

232 1202 556 1268 uicinumque
596 1203 693 1252 sibi
728 1203 902 1253 flabris
940 1203 1321 1253 dominantibus
1359 1196 1494 1254 ultro
1850 1217 1889 1249 95

234 1289 352 1322 aera
388 1272 647 1338 propellit.
721 1273 764 1322 si
801 1273 964 1323 maior
999 1273 1231 1337 protinus
1269 1290 1416 1323 umor

233 1343 550 1392 consurrexit
586 1342 762 1407 humo,
800 1343 999 1408 pluuias
1038 1359 1235 1408 quoque
1271 1343 1446 1393 nubila
1481 1343 1702 1394 fundunt

184 1436 186 1439 ’
234 1415 284 1461 et
320 1412 506 1476 pluuiis
543 1413 645 1462 late
684 1413 822 1462 calor
859 1415 936 1462 est
971 1415 1130 1477 pater.
1202 1412 1285 1463 hic
1323 1430 1474 1479 super
1510 1414 1699 1464 imbres

95 1563 201 1602 1425

95 1911 202 1951 1430

234 1482 471 1546 exprimit
509 1484 560 1531 et
597 1482 802 1532 ductum
839 1482 1085 1532 feruentis
1124 1482 1187 1532 ab
1226 1482 1370 1532 obice
1407 1483 1583 1533 mundi

232 1551 429 1616 respuit
465 1569 707 1601 umorem.
782 1552 825 1601 si
862 1553 1020 1602 moles
1058 1568 1248 1617 magna
1285 1553 1548 1618 utriusque
1855 1565 1913 1597 10⁰

234 1620 466 1671 occurset
503 1621 708 1672 sibimet
744 1622 885 1671 uelut
922 1622 1076 1672 obuia
1113 1622 1397 1672 comminus
1436 1623 1567 1688 agri,

234 1691 482 1756 conpulsu
521 1691 657 1742 aerio
694 1691 869 1757 fragor
905 1692 1108 1741 intonat
1145 1692 1414 1757 amplaque
1451 1693 1554 1742 late

232 1778 495 1810 murmura
531 1761 822 1811 discurrunt
858 1762 1052 1826 pariter
1088 1762 1451 1827 crepitantibus
1489 1762 1641 1813 auris.

231 1830 314 1879 1110
351 1831 574 1881 inflictus
612 1831 736 1882 item
774 1831 1189 1897 diuersorumque
1226 1849 1316 1896 per
1352 1832 1582 1883 aethram

234 1917 384 1965 saepe
423 1918 639 1965 superne
676 1901 848 1952 furens
885 1901 1057 1952 inlisio
1094 1902 1310 1967 fulgoris
1348 1902 1494 1968 ignes
1850 1913 1911 1946 105

348 2014 454 2052 1407
493 2024 600 2063 quos
646 2010 687 2051 V
720 2010 827 2065 quid
864 2010 908 2052 A
944 2012 958 2063 ΙΙ
995 2011 1072 2064 qui
1109 2011 1286 2053 Grotius
1323 2011 1427 2064 quid
1466 2011 1546 2053 VA
1578 2013 1593 2064 ΙΙ
1629 2012 1827 2065 tempore

224 2047 411 2108 ‘Grotius
439 2067 643 2120 tempora
681 2066 762 2108 VA
877 2071 984 2109 1408
1015 2067 1247 2109 trahantur
1274 2067 1318 2108 A
1347 2068 1593 2109 tractantur
1631 2066 1673 2109 V
1778 2068 1828 2109 de

230 2123 425 2164 uersibus
454 2126 739 2165 1409—1432
776 2123 830 2175 cf.
869 2123 1047 2166 Hermes
1085 2123 1216 2164 XVI
1243 2136 1289 2176 p.
1327 2126 1417 2166 128
1451 2137 1493 2165 n.
1532 2127 1590 2166 90
1632 2137 1674 2165 u.
1714 2127 1826 2165 1409

231 2179 433 2220 omittunt
458 2178 537 2219 VA
599 2184 705 2221 1409
722 2179 937 2220 inmadidi
952 2193 972 2221 0
987 2179 1276 2220 immadidum
1291 2191 1315 2220 v
1366 2184 1473 2222 1410
1490 2178 1606 2221 fudit
1630 2179 1829 2222 Vfundit

230 2232 274 2274 A
363 2238 468 2275 1412
500 2234 796 2276 insubiectum
835 2235 876 2277 V
902 2236 948 2276 in
978 2235 1222 2276 subiectum
1252 2235 1295 2276 A
1318 2235 1332 2287 ΙΙ
1355 2238 1614 2288 supernatat
1641 2249 1665 2277 v
1697 2249 1828 2289 super

231 2289 360 2330 notat
405 2289 485 2330 VA
526 2291 785 2344 supernotat
820 2304 841 2333 0
970 2295 1077 2346 1413
1116 2290 1251 2332 uuida
1286 2291 1345 2332 N.
1377 2292 1587 2334 Heinsius
1618 2291 1752 2333 Vulta
1791 2291 1832 2332 V

231 2344 373 2388 Multa
403 2345 446 2386 A
475 2345 665 2399 Multaq3
698 2361 718 2389 0
833 2351 939 2390 1417
971 2346 1157 2389 nebulae
1181 2347 1223 2388 A
1253 2348 1416 2404 nubule
1449 2347 1491 2389 V
1602 2351 1707 2389 1419
1739 2347 1826 2390 dis-

234 2401 420 2444 soluitur
456 2402 500 2443 A
540 2402 745 2445 dissoluit
788 2402 830 2443 V
941 2407 1047 2444 1422
1086 2403 1221 2445 11111110
1259 2403 1301 2446 A
1338 2417 1440 2446 umo
1487 2403 1527 2444 V
1639 2407 1746 2445 1424
1783 2404 1829 2446 et

233 2457 413 2499 ductum
436 2457 761 2501 Schaubachius
791 2460 836 2501 et
867 2459 999 2502 ducta
1030 2458 1111 2500 VA
1127 2461 1182 2514 011
1205 2460 1260 2502 ab
1283 2459 1604 2503 Schaubachius
1632 2461 1683 2501 ut
1714 2459 1826 2502 VAe

236 2517 343 2555 1426
375 2513 553 2556 sibimet
581 2514 623 2556 A
654 2515 783 2558 simet
821 2515 863 2556 V
947 2520 1053 2557 1427
1084 2516 1299 2569 conpulsu
1327 2516 1495 2558 correxi
1525 2514 1755 2569 compulsu
1783 2516 1826 2556 A

235 2569 446 2622 conpulsa
492 2570 533 2611 V
644 2575 752 2613 1430
788 2570 935 2613 11111310
981 2571 1023 2613 V
1054 2571 1188 2614 illisio
1227 2571 1271 2613 A
1306 2570 1416 2613 illiso
1447 2584 1468 2613 0
1495 2572 1509 2624 ΙΙ
1538 2570 1722 2626 fulgoris
1759 2572 1827 2624 (ex

232 2624 639 2721 fulggsissplmutauit
665 2628 725 2681 A)
764 2626 880 2670 VAe
907 2627 1095 2681 fulguris
1125 2640 1149 2669 v
1180 2628 1233 2679 cf.
1259 2640 1405 2682 proyr.
1429 2627 1604 2679 Erfurt.
1636 2641 1674 2669 a.
1706 2629 1826 2670 1882
