1916 2944
854 129 1199 179 -16-

121 250 202 290 357
234 240 353 289 talis
391 240 644 305 utrimque
680 239 831 290 modo
872 240 1023 290 simul
1061 243 1112 290 et
1145 240 1342 307 fulgore
1379 241 1536 292 micat
1572 243 1673 294 lux.

117 320 200 359 359
233 326 325 359 nec
363 309 742 374 contemplandi
777 309 923 359 labor
959 310 1160 375 anxius,
1198 311 1368 361 omnia
1403 311 1580 376 primis

117 390 201 428 360
234 379 388 428 obuia
425 396 515 429 ceu
551 379 756 428 uibrant
793 379 1078 429 obtutibus:
1116 397 1244 429 unus
1283 381 1348 430 ob
1387 397 1496 446 ora,

233 465 331 512 qua
369 451 486 498 sunt
521 449 686 514 prima
721 449 858 498 ferae
895 449 1136 515 uestigia,
1172 449 1456 514 praeminet
1491 451 1648 517 ignis,

231 519 410 584 altera,
449 535 547 583 qua
582 518 794 583 pedibus
831 519 972 584 regio
1011 521 1090 568 est
1126 519 1426 584 clunalibus,
1465 520 1608 570 ardet

233 587 383 637 stella
418 588 595 637 itidem
632 588 948 653 genibusque
985 588 1165 638 dehinc
1203 605 1256 638 se
1292 589 1446 638 tertia
1482 590 1672 654 promit

233 658 451 722 aemula,
489 675 590 723 qua
626 658 812 707 rutilae
848 657 1072 724 flagrant
1109 658 1329 708 confinia
1365 658 1567 709 caudae.

118 737 201 776 365
231 743 337 776 non
372 730 545 777 tamen
580 727 661 777 1116
701 727 914 792 specieS,
951 744 1055 777 non
1092 730 1211 777 sunt
1247 728 1549 793 cognomina
1586 732 1744 794 certa,

234 796 321 846 sed
356 798 610 862 permixta
648 797 796 847 simul
833 797 978 862 uulgi
1014 797 1124 847 uice
1163 798 1548 848 conuoluuntur.

301 866 399 917 Illa
436 867 639 946 quidem
678 883 858 931 supero
891 870 1126 917 conserta
1162 867 1410 917 relabitur
1448 885 1561 933 axe,

231 936 394 986 inscia
429 936 618 1001 piscosi
656 953 854 1002 semper
893 936 1027 986 salis.
1098 936 1258 1002 ipsius
1297 940 1466 986 autem

233 1006 490 1056 subiectos
528 1006 684 1071 capiti
721 1007 994 1085 geminos
1030 1006 1126 1055 tibi
1163 1023 1364 1056 cernere
1399 1006 1477 1056 fas
1516 1010 1612 1070 est,

120 1087 203 1124 370
235 1074 563 1141 Spartanam,
601 1076 853 1141 geminOS,
893 1075 1121 1125 subolem
1157 1076 1450 1141 prolemque
1487 1078 1713 1127 tonantis

233 1146 490 1210 egregiam
529 1147 580 1195 et
615 1146 823 1210 proprio
854 1147 973 1210 post
1008 1145 1206 1194 reddita
1242 1146 1455 1195 numina
1491 1147 1645 1196 caelo.

231 1232 352 1264 nam
390 1215 805 1265 Lacedaemoniis
844 1215 982 1265 Mars
1020 1232 1134 1264 cum
1171 1215 1413 1265 caluisset
1448 1214 1723 1282 Aphidnis‚

233 1282 449 1335 Castora
487 1284 720 1349 Cecropii
756 1285 876 1334 tulit
910 1285 1234 1334 inclementia
1271 1285 1406 1334 belli.

233 1357 287 1403 at
321 1354 479 1404 frater
515 1355 778 1419 lucemque
817 1358 868 1404 et
903 1355 1013 1404 fata
1051 1355 1336 1419 superstitis
1375 1355 1487 1404 aeui

119 1434 200 1472 375
232 1440 413 1474 exosus
453 1426 644 1473 sortem
679 1424 901 1474 lacrimis
941 1424 1192 1490 efflagitat
1229 1441 1457 1490 aequam.

231 1494 466 1557 protinus
507 1495 729 1543 alternae
768 1509 1039 1559 germanos
1076 1497 1305 1558 tempore
1342 1494 1480 1543 uitae

231 1562 462 1628 Iuppiter
500 1563 695 1613 attollit
732 1564 957 1629 caelique
994 1564 1047 1612 in
1084 1564 1218 1613 celsa
1254 1566 1520 1628 receptans

232 1636 468 1682 aeternae
505 1633 722 1698 flagrare
759 1633 887 1683 facis
924 1633 1066 1682 iubet
1103 1633 1310 1698 ignibus
1349 1633 1512 1683 ambo.

300 1702 434 1752 Aluo
471 1702 675 1752 Helices
714 1719 929 1753 cancer
967 1703 1288 1752 subuoluitur
1326 1706 1561 1768 astraque
1599 1720 1781 1754 cancro

118 1782 199 1820 380
230 1771 379 1837 111110,
417 1773 713 1822 110116166166
751 1775 808 1822 ut
845 1789 1042 1836 semper
1078 1772 1315 1838 proderet
1351 1773 1474 1837 iras,

231 1842 504 1906 praestitit.
576 1842 659 1892 hic
697 1841 905 1908 etenim,
944 1841 1158 1891 Lernaei
1196 1842 1414 1908 gurgitis
1453 1842 1668 1907 hydram
1756 1881 1759 1883 >

230 1914 399 1961 ureret
434 1911 637 1962 Alcides
675 1928 788 1961 cum
827 1911 1131 1978 flammiger,
1169 1929 1318 1962 ausus
1356 1912 1408 1961 in
1445 1912 1613 1976 ipsum

343 2080 422 2118 357
453 2075 674 2128 utrimque
696 2077 852 2130 scripsi
873 2077 1048 2130 utrique
1079 2077 1161 2119 VA
1233 2081 1311 2119 361
1345 2090 1432 2129 qua
1454 2076 1509 2119 F.
1537 2077 1581 2120 Ο.
1609 2078 1827 2121 Matthiae

229 2130 460 2184 Hauptius
482 2132 661 2174 Hermes
697 2132 802 2174 VII
822 2145 870 2186 p.
900 2136 955 2174 13
987 2145 1070 2186 que
1103 2132 1144 2175 V
1170 2146 1266 2185 quae
1289 2133 1331 2174 A
1354 2133 1368 2186 ΙΙ
1389 2132 1508 2175 ferae
1531 2133 1574 2174 A
1598 2134 1827 2188 Hauptius

228 2187 386 2229 ibidem
413 2187 506 2230 fere
545 2187 587 2229 V
695 2193 777 2230 362
808 2189 948 2230 altera
978 2202 1064 2242 qua
1103 2189 1144 2231 V
1169 2188 1282 2231 alter
1311 2201 1426 2251 aqua
1455 2188 1498 2230 A
1593 2194 1673 2232 363
1736 2192 1826 2233 eni-

229 2242 397 2296 busque
436 2243 478 2284 V
509 2242 694 2297 genibus
724 2258 808 2300 que
838 2244 882 2286 A
998 2249 1080 2286 364
1116 2258 1204 2298 qua
1239 2243 1399 2286 rutilae
1428 2245 1471 2285 A
1502 2259 1589 2298 qua
1619 2247 1705 2288 ruti
1727 2259 1749 2288 e
1789 2247 1830 2288 V

229 2311 272 2340 u.
306 2301 392 2342 367
421 2299 677 2342 inscribitur
706 2299 914 2342 GEMINI
952 2300 1033 2342 VA
1135 2305 1216 2343 370
1248 2301 1306 2354 Sp
1309 2302 1508 2342 artaxiam
1547 2301 1589 2342 V
1615 2301 1674 2355 Sp
1678 2302 1825 2344 artha-

228 2366 331 2395 nam
367 2354 411 2396 A
447 2356 461 2408 Η
499 2355 698 2397 subolem
751 2356 792 2397 V
827 2356 1024 2398 sobolem
1067 2356 1110 2397 A
1145 2358 1160 2409 ΙΙ
1194 2356 1450 2410 prolemque
1495 2356 1582 2398 AL
1625 2358 1740 2411 pleq.
1789 2358 1831 2399 V

229 2414 309 2450 371
341 2411 518 2464 proprio
549 2411 677 2452 VAL
705 2411 851 2465 patrio
878 2411 1057 2455 Grotius
1135 2417 1215 2455 372
1246 2411 1604 2454 Lacedaemoniis
1627 2414 1669 2454 A
1693 2414 1826 2457 Lace-

93 2472 116 2490 ·
230 2464 442 2509 demoniis
485 2466 527 2508 V
557 2467 684 2509 lache
702 2467 929 2511 demonius
954 2468 1203 2511 Germanici
1225 2469 1354 2511 codex
1374 2468 1606 2511 Bermnsis
1629 2483 1671 2512 ri.
1689 2472 1747 2512 88
1769 2471 1822 2522 cf.

220 2537 362 2588 praef.
374 2550 422 2590 p.
441 2536 570 2581 XVI
579 2550 636 2591 sq
691 2543 772 2580 376
789 2538 983 2581 alternae
1006 2551 1237 2592 germanos
1254 2538 1297 2580 A
1319 2538 1768 2638 6115111110ῗοῗὲ6111161106
1789 2539 1830 2581 V

229 2637 309 2675 377
333 2633 502 2677 attollit
523 2635 616 2677 AL
638 2636 789 2679 attolit
818 2637 860 2678 V
939 2640 1019 2680 378
1044 2637 1171 2679 ambo
1206 2635 1247 2678 V
1265 2636 1394 2678 ambo
1544 2637 1587 2679 A
1610 2637 1760 2680 ambos
1783 2637 1823 2678 L

227 2702 269 2729 u.
303 2691 387 2733 379
418 2692 673 2734 inscribitur
704 2692 934 2735 CANCER
972 2694 1053 2735 VA
