1916 2944
787 117 1130 167 „67-

167 231 304 279 arcet
339 227 685 293 flammigerae
720 229 918 278 radium
954 228 1095 278 facis.
1167 227 1293 277 haut
1328 228 1424 278 tibi
1461 244 1680 292 rursum,

167 315 280 348 cum
316 298 595 348 matutinos
632 299 842 348 molitur
877 298 1054 348 lucifer
1092 300 1255 362 ortuS,

167 367 308 418 ebria
345 368 655 433 sanguineae
695 367 1006 418 subuoluant
1042 367 1236 417 uellera
1272 367 1454 433 nubes3
1781 381 1842 412 310

165 454 383 502 namque
422 439 591 504 grauis
631 438 769 488 caelo
806 437 1048 487 fundetur
1084 437 1316 502 protinus
1355 437 1530 487 imber.

233 506 342 559 Nec
380 507 424 557 si
462 507 567 557 sole
604 508 782 572 procul
819 507 974 556 rutila
1010 508 1144 556 inter
1181 509 1365 585 stagna
1401 510 1632 557 morante

165 578 421 628 emineant
457 577 610 642 radii,
645 577 815 627 radios
854 594 1050 642 quoque
1089 576 1308 626 crassior
1344 577 1525 627 umbra

166 649 427 713 contegat,
465 646 551 696 ille
589 616 698 697 dies
736 647 923 712 pluuiis
959 648 1211 711 uentoque
1249 646 1454 696 carebit.

165 717 287 782 quin
324 716 420 766 erit
454 716 620 766 imber
657 717 802 780 item,
841 717 884 766 si
922 717 1080 766 solem
1119 716 1334 766 circulus
1374 718 1484 765 ater
1782 728 1843 759 315

166 786 359 836 ambiat
397 789 641 837 exortum.
713 786 877 836 maior
915 803 967 836 se
1006 786 1219 850 denique
1256 785 1459 835 nimbus

163 856 372 922 urgebit
409 857 565 921 cae10,
609 856 774 906 maior
811 856 919 906 sola
955 856 1155 920 perluet
1190 855 1372 920 imber,

164 925 468 976 circumfusa
506 926 631 976 adeo
670 925 712 976 si
751 925 955 991 cingula
990 925 1160 976 nescia
1199 925 1331 975 solui

165 996 415 1046 seruarint
451 999 644 1046 taetrae
684 995 905 1061 speciem
940 995 1197 1060 torpentia
1233 994 1398 1044 molis.

166 1082 314 1131 saepe
352 1066 508 1115 etiam
543 1065 752 1115 Phoebo
789 1065 951 1115 nubes
987 1082 1228 1130 percussa
1264 1063 1488 1114 rubescit
1782 1077 1844 1108 320

165 1138 216 1186 et
252 1135 498 1186 meditata
535 1135 617 1185 dei
653 1134 871 1186 formam
909 1135 1084 1200 procul
1123 1135 1242 1200 igne
1279 1136 1481 1198 recepto

165 1205 387 1270 concipit
424 1204 668 1271 effigiem,
707 1205 943 1255 simulato
981 1205 1185 1254 luminis
1225 1204 1359 1255 orbe.

165 1275 216 1324 id
255 1293 355 1341 qua
392 1277 536 1340 parte
572 1275 680 1340 poli
718 1275 1050 1340 spectaueris,
1087 1274 1260 1324 adfore
1298 1274 1362 1323 ab
1399 1273 1512 1338 ipsa

163 1349 308 1410 parte
345 1347 462 1395 tene
498 1348 696 1394 uentos
764 1346 938 1394 tamen
973 1343 1112 1408 haec,
1148 1347 1321 1393 tamen
1360 1343 1532 1393 omnia
1562 1358 1762 1407 semper

166 1414 437 1464 decedente
475 1413 554 1464 die
593 1414 774 1464 melius
811 1415 1028 1463 uentura
1065 1413 1332 1463 docebunt.
1784 1425 1845 1456 325

237 1482 492 1535 Conuenit
528 1483 613 1534 hic
651 1483 806 1533 etiam
843 1500 1057 1548 paruum
1095 1499 1339 1548 praesepe
1376 1484 1573 1532 notare.

165 1553 216 1604 id
253 1554 378 1604 nubi
414 1570 625 1618 nomen,
663 1571 791 1618 quae
829 1570 1012 1603 cancro
1052 1553 1346 1603 obuoluitur
1384 1552 1508 1616 alto,

166 1623 382 1675 Graecia
419 1624 570 1674 docta
607 1622 758 1674 dedit.
833 1623 930 1673 duo
967 1626 1176 1688 propter
1214 1622 1427 1687 denique
1466 1621 1649 1671 asellos

167 1695 385 1759 suspice,
424 1710 638 1758 quorum
676 1693 804 1743 alius
842 1695 1037 1758 septem
1073 1692 1242 1742 uicina
1276 1692 1432 1742 trioni

168 1767 304 1814 astra
341 1764 524 1828 adolet,
560 1763 789 1828 tepidum
826 1763 1003 1828 procul
1042 1762 1172 1812 alter
1208 1764 1404 1827 spectat
1432 1761 1488 1810 in
1520 1763 1761 1811 austrum.
1783 1774 1845 1806 3³0

166 1834 219 1883 in
255 1834 419 1883 medio
459 1833 591 1898 quod
628 1833 762 1883 nube
800 1833 945 1898 quasi
983 1832 1262 1883 concrescit
1300 1831 1499 1896 adacta,

280 1961 388 1999 1633
420 1957 542 1999 arcet
570 1969 591 1998 e
619 1969 697 1998 om.
722 1957 764 1997 A
788 1957 802 2009 ΙΙ
824 1954 1122 2010 flammigerae
1151 1968 1176 1996 υ
1202 1954 1403 2009 flamiger
1423 1954 1467 1995 A
1489 1953 1761 2007 flammigere

166 2026 187 2056 6
209 2015 222 2068 ΙΙ
244 2011 415 2055 radium
446 2026 467 2054 6
497 2025 599 2054 aera
627 2012 747 2054 dium
777 2013 820 2054 A
841 2014 857 2065 ΙΙ
878 2012 988 2053 haut
1017 2011 1194 2054 Grotius
1223 2012 1302 2052 aut
1329 2011 1372 2052 A
1389 2023 1409 2052 6
1436 2011 1451 2064 ΙΙ
1478 2010 1561 2052 tibi
1590 2024 1762 2052 rursum

167 2083 187 2111 e
224 2068 298 2111 abi
333 2068 500 2110 russum
529 2069 572 2109 A
709 2073 816 2110 1635
855 2067 975 2109 ebria
989 2067 1272 2121 -sanguineae
1309 2079 1334 2108 v
1372 2066 1428 2108 Et
1456 2078 1591 2108 nasan
1620 2078 1763 2120 ganea

166 2126 209 2167 A
232 2123 369 2167 Ebria
397 2124 637 2178 sanguinea
658 2137 678 2165 6
739 2129 846 2166 1636
868 2123 1074 2165 fundetur
1096 2137 1116 2165 e
1137 2122 1272 2164 fundo
1296 2136 1372 2164 cur
1393 2122 1436 2164 A
1497 2126 1603 2164 1637
1627 2121 1762 2164 rutila

167 2180 283 2223 inter
319 2194 340 2223 6
377 2179 600 2222 rutilantis
629 2180 672 2221 A
701 2180 714 2232 Η
746 2181 903 2233 stagna
931 2193 952 2221 e
989 2191 1103 2243 anga
1124 2179 1166 2219 A
1197 2180 1211 2233 ΙΙ
1238 2180 1436 2242 morante
1471 2178 1673 2231 (correxit
1701 2177 1760 2230 A)

166 2238 246 2279 Ae
347 2240 454 2278 1638
483 2236 628 2278 radios
659 2250 679 2278 6
707 2235 831 2277 radio
862 2235 904 2276 A
926 2236 940 2288 ΙΙ
963 2235 1148 2276 crassior
1178 2248 1198 2276 e
1225 2233 1366 2276 rasior
1387 2234 1430 2275 A
1539 2237 1648 2275 1640
1678 2233 1763 2274 erit

168 2307 187 2335 e
223 2293 329 2356 nent
355 2294 399 2334 A
515 2296 619 2355 1641
659 2293 858 2334 exortum
894 2304 915 2333 6
951 2291 1147 2333 exortam
1177 2290 1219 2331 A
1336 2294 1442 2331 1643
1482 2290 1591 2331 adeo
1629 2301 1650 2331 6
1679 2289 1763 2330 dea

167 2348 210 2389 A
232 2350 246 2402 ΙΙ
268 2348 303 2390 si
333 2347 511 2401 cingula
539 2361 560 2390 e
583 2347 644 2390 sic
667 2347 820 2402 ingula
841 2347 884 2388 A
959 2350 1068 2388 1644
1092 2345 1307 2388 seruarint
1328 2346 1484 2399 scripsi
1505 2346 1559 2397 cf.
1583 2345 1763 2387 Hermes

171 2404 310 2445 XIII
320 2417 367 2458 p.
393 2406 475 2446 361
499 2417 542 2446 ‘n
567 2406 625 2446 42
649 2405 749 2446 item
771 2403 1004 2446 Schraderi
1026 2403 1353 2444 commentarius
1369 2401 1511 2444 Berol
1535 2402 1762 2443 seruarent

169 2461 211 2502 A
229 2474 249 2502 e
270 2462 284 2514 Η
305 2462 473 2503 taetrae
503 2461 648 2512 (tetre)
680 2473 699 2500 6
728 2461 776 2500 ta
805 2472 855 2500 eo
886 2459 928 2500 A
1017 2462 1123 2499 1646
1154 2459 1226 2500 dei
1256 2471 1276 2499 e
1304 2457 1375 2499 die
1404 2457 1447 2498 A
1469 2458 1484 2511 ΙΙ
1505 2456 1606 2510 igne
1636 2470 1657 2498 6
1686 2469 1761 2498 ore

170 2517 211 2557 A
329 2520 436 2558 1648
466 2527 554 2568 qua
582 2529 603 2557 e
633 2515 691 2569 qd
720 2515 763 2555 A
792 2516 807 2569 ss
836 2512 1103 2568 spectaueris
1133 2527 1154 2555 6
1183 2513 1427 2567 pectaberis
1454 2513 1497 2554 A
1518 2514 1533 2566 ΙΙ
1562 2512 1712 2554 adfore
1741 2525 1762 2553 e

171 2571 304 2615 affore
334 2572 377 2614 A
489 2585 532 2614 u.
563 2575 674 2613 1651
714 2571 969 2613 inscribitur
998 2570 1138 2612 Aselli
1166 2570 1209 2610 A
1226 2583 1246 2611 6
1363 2572 1467 2611 1651
1499 2580 1706 2622 praesepe
1735 2580 1761 2609 v

170 2640 351 2682 prerepe
381 2628 424 2669 A
452 2640 635 2681 presepe
665 2640 685 2669 6
815 2630 922 2668 1652
952 2639 1064 2679 quae
1094 2638 1115 2667 6
1145 2639 1172 2679 q
1201 2626 1244 2666 A
1374 2628 1481 2667 1655
1511 2624 1712 2678 tepidum
1741 2637 1762 2665 6

171 2687 358 2726 tei-mum
388 2684 430 2725 A
547 2686 653 2725 1656
685 2683 925 2725 concrescit
954 2695 974 2724 6
1003 2681 1216 2724 concessit
1245 2681 1287 2722 A

1446 2749 1508 2792 5*
