1916 2944
70 464 151 503 905

68 813 149 851 910

67 1161 148 1200 915

67 1511 149 1549 920

810 132 1150 182 „38-

251 241 477 294 Ultimus
514 246 592 293 est
626 259 916 308 procyon,
953 242 1269 309 geminorum
1307 243 1539 294 subditus
1577 246 1739 310 astr0,

182 329 268 363 ore
305 312 498 363 micans
537 313 710 378 rutilo,
746 313 882 363 trina
916 312 1026 363 face
1063 313 1260 364 uiscera
1296 314 1483 365 lucens,

250 381 360 431 Ista
396 383 659 433 uolutatos
699 385 976 433 cernuntur
1011 385 1193 433 cuncta
1227 400 1319 448 per
1355 400 1514 434 annos
1523 423 1536 449 ‚

182 451 307 501 haec
343 451 489 502 uehit
525 451 756 503 Oceanus
793 456 941 518 pater
978 453 1148 503 omnia
1184 470 1447 518 mersaque
1483 470 1657 504 rursus

180 521 383 571 hauriet
419 521 674 587 Oceanus,
709 523 870 572 trahit
905 522 1087 588 ingens
1125 522 1362 573 machina
1398 524 1525 573 caeli

181 594 364 641 cuncta
403 609 565 657 super.
636 592 856 658 pingunt
891 592 1099 643 rutilam
1137 610 1229 642 sua
1267 592 1431 642 sidera
1465 596 1682 644 noctem.

251 660 481 726 Quinque
510 661 686 711 itidem
718 662 914 727 stellae,
945 662 1126 712 similis
1157 662 1339 727 quibus
1366 662 1492 712 haut
1515 664 1582 713 sit
1604 664 1772 731 imago

180 747 272 780 1100
310 748 433 796 quas
471 731 751 781 formarum
789 732 970 782 ductus
1008 734 1152 782 notet
1188 732 1485 798 adfixarum,

179 817 270 865 per
305 800 386 850 bis
425 817 548 851 sena
583 801 689 867 poli
726 802 947 852 uolitant
983 802 1249 852 rutilantia
1287 802 1448 868 signa.

180 870 348 920 nullus
387 887 470 920 eas
510 872 679 938 aliquo
717 874 867 937 pacto
906 871 1211 936 deprendere
1250 873 1430 936 certet,

179 957 298 989 nam
334 956 469 1006 uaga
504 958 594 1006 per
629 944 794 991 totam
831 943 1024 991 cunctis
1061 942 1147 991 uia
1182 941 1358 991 defluit
1397 942 1626 993 aethram

181 1026 380 1074 semper
417 1013 468 1060 et
506 1011 720 1061 aduerso
758 1011 1048 1061 referuntur
1082 1012 1288 1061 tramite
1325 1012 1513 1063 mundi.

179 1079 396 1129 mundus
435 1081 498 1130 ab
539 1097 631 1131 eoo
669 1080 890 1130 trahitur
926 1080 1225 1146 reparabilis
1264 1081 1391 1146 alto,

178 1166 370 1214 pronus
407 1148 640 1200 Atlantei
675 1151 852 1215 procul
887 1150 943 1200 in
979 1150 1111 1200 uada
1147 1151 1350 1200 caerula
1385 1152 1543 1216 ponti.

178 1219 298 1268 illae
334 1220 388 1269 in
426 1220 647 1270 subrecti
685 1223 874 1286 cogunt
908 1220 1008 1271 iter
1046 1220 1267 1270 aetheris
1307 1221 1503 1287 orbem,

178 1289 397 1339 nitentes
433 1290 488 1339 in
526 1307 725 1340 summa
761 1290 868 1355 poli
905 1293 1149 1356 motuque
1185 1290 1417 1340 feruntur

181 1358 394 1409 aduerso
435 1360 558 1409 80118
595 1360 750 1410 radiis
789 1377 900 1426 ceu,
937 1377 1052 1410 011111
1088 1360 1223 1410 uada
1260 1361 1495 1410 cumbam

178 1445 341 1492 prona
377 1429 591 1495 uehunt,
631 1430 791 1496 siquis
828 1447 982 1495 prora
1017 1429 1212 1480 nitatur
1251 1430 1315 1480 ab
1355 1431 1458 1480 alta

180 1498 233 1547 in
269 1498 479 1563 puppim
514 1499 742 1564 proferre
779 1499 982 1566 pedem,
1017 1500 1103 1550 uia
1140 1500 1363 1565 carpitur
1400 1500 1489 1550 olli

180 1568 411 1618 cursibus
448 1569 664 1634 inceptis
703 1571 972 1621 contraria.
1044 1570 1122 1620 uis
1159 1573 1333 1620 tamen
1369 1570 1482 1620 istis

180 1637 332 1687 obuia
367 1638 587 1689 labentis
627 1656 825 1705 semper
862 1639 1146 1689 sustollitur
1183 1639 1391 1689 aethrae

179 1708 428 1773 unicaque
463 1709 519 1758 in
557 1709 681 1759 solis
722 1709 930 1760 adolent
964 1709 1198 1759 incendia
1234 1709 1466 1760 flammis,

178 1777 334 1844 longa
372 1778 664 1829 uolutandis
701 1782 872 1830 tamen
910 1779 1027 1830 ollis
1063 1782 1297 1845 tempora
1334 1783 1542 1830 currunt

289 1983 333 2012 u.
364 1973 455 2014 902
484 1972 740 2015 inscribitur
768 1971 1044 2014 PROCYON
1081 1971 1163 2014 VA
1264 1976 1344 2014 902
1375 1972 1573 2026 Procyon
1603 1973 1645 2015 A
1674 1986 1772 2027 pro-

178 2026 276 2068 01011
314 2027 357 2068 V
467 2031 548 2069 905
578 2028 688 2070 haec
716 2041 741 2070 υ
772 2029 856 2070 hac
894 2028 1005 2070 VAc
1117 2033 1199 2071 906
1229 2028 1404 2070 hauriet
1442 2028 1484 2069 V
1508 2029 1703 2072 hauritet
1731 2031 1774 2071 A

178 2087 259 2125 907
307 2095 447 2137 super.
494 2083 683 2137 pingunt
719 2083 898 2126 Grotius
942 2084 1264 2138 superpingunt
1309 2083 1390 2125 VA
1502 2097 1545 2127 u.
1583 2088 1671 2127 908
1709 2087 1774 2127 in-

175 2139 383 2180 scribitur
411 2138 719 2181 PLANETAE
760 2140 840 2182 VA
906 2144 987 2182 908
1019 2139 1174 2182 811111118
1213 2139 1255 2182 V
1280 2139 1444 2182 similes
1474 2143 1514 2181 A
1583 2145 1664 2183 909
1694 2155 1774 2184 nec

177 2208 286 2247 quas
314 2207 339 2236 v
369 2207 535 2247 nequas
567 2195 677 2237 VAe
697 2198 712 2249 ΙΙ
734 2196 890 2238 ductus
921 2196 1101 2238 Grotius
1130 2196 1284 2238 doctus
1314 2195 1393 2237 VA
1462 2200 1543 2239 910
1573 2196 1641 2238 bis
1671 2210 1774 2240 sena

176 2249 220 2291 A
255 2249 462 2292 bissenna
500 2251 542 2291 V
651 2256 730 2294 911
769 2252 918 2305 aliquo
950 2252 1129 2294 Grotius
1166 2251 1253 2294 alio
1292 2251 1333 2292 V
1361 2257 1459 2305 post
1491 2254 1677 2307 quinque
1706 2255 1775 2296 uel

176 2319 250 2347 sex
283 2307 525 2348 litterarum
554 2307 744 2360 spatium
773 2321 956 2350 vacuum
984 2308 1028 2349 A
1056 2309 1071 2361 ss
1100 2307 1369 2362 deprendere
1399 2321 1423 2349 v
1454 2308 1698 2362 dependere
1738 2309 1779 2350 V

176 2362 503 2415 deprehendere
541 2361 584 2403 A
628 2363 980 2417 depraehendere
1017 2377 1038 2406 e
1151 2367 1231 2406 915
1275 2363 1322 2404 in
1357 2364 1472 2406 uada
1515 2364 1557 2406 V
1587 2366 1774 2419 quinque

177 2418 421 2460 litterarum
456 2419 645 2472 spatium
680 2432 869 2462 uacuum
903 2421 1078 2473 praebet
1107 2420 1150 2461 A
1264 2423 1344 2461 916
1381 2419 1572 2462 subrecti
1607 2420 1649 2462 V
1674 2421 1773 2462 sub-

176 2472 283 2515 iecti
311 2473 354 2515 A
385 2474 439 2526 cf,
470 2474 648 2518 Hermes
680 2475 777 2517 XV
793 2489 839 2528 p.
872 2479 961 2519 188
989 2489 1032 2519 n.
1064 2479 1121 2519 69
1236 2480 1316 2518 918
1348 2475 1550 2518 cumbam
1589 2476 1631 2518 V
1657 2490 1773 2529 cym-

175 2529 281 2571 bam
311 2530 354 2571 A
470 2534 552 2571 920
591 2530 670 2572 0111
708 2531 749 2573 V
775 2531 853 2573 alli
883 2544 991 2575 corr.
1022 2531 1065 2574 A
1181 2535 1260 2573 921
1292 2531 1477 2584 inceptis
1507 2545 1527 2574 c
1556 2531 1772 2586 incaeptis

186 2583 228 2625 V
252 2584 470 2639 incoeptis
498 2586 542 2627 A
564 2588 579 2640 ΙΙ
600 2587 667 2628 1118
697 2588 847 2630 tamen
876 2587 971 2629 istis
1001 2601 1022 2630 e
1050 2587 1129 2629 uis.
1159 2586 1306 2630 istam.
1336 2587 1432 2629 istis
1469 2587 1511 2629 V
1535 2588 1602 2630 uis
1631 2587 1697 2630 ita
1726 2587 1773 2629 in

176 2637 274 2682 istis
304 2641 346 2682 A
449 2646 528 2684 922
560 2642 749 2685 labentis
780 2643 958 2686 Grotius
986 2643 1155 2686 labenti
1191 2642 1269 2685 VA
1370 2647 1449 2685 923
1481 2643 1697 2696 unicaque
1735 2643 1776 2684 V

177 2695 307 2738 unica
337 2710 421 2753 que
451 2697 494 2738 A
609 2702 691 2740 924
720 2699 970 2742 uolutandis
1008 2699 1050 2741 V
1075 2698 1318 2741 colluandis
1348 2699 1389 2739 A
