1916 2944
124 420 167 462 L

144 923 166 952 8

806 123 869 129 -
944 110 1046 146 VIII
1119 125 1185 132 ·—

194 220 253 254 eo
312 204 444 254 libro
505 205 791 270 complures
846 205 948 256 loci
1000 208 1226 272 corrupti
1277 210 1507 260 crucibus
1559 212 1790 279 insigniti
1850 255 1856 258 ,
1914 208 1916 211 ’

194 276 335 338 sunt3
392 291 542 339 saepe
587 275 743 324 etiam
786 275 842 325 in
886 277 1114 342 margine
1159 278 1406 343 quaedam
1450 276 1631 331 notata
1675 286 1794 332 sunt

192 343 336 393 uelut
372 343 436 393 ad
473 361 520 394 u.
562 344 686 394 700:
725 345 965 410 delphis
1002 363 1122 396 non
1159 347 1419 413 delphin.

341 412 418 463 Ac
477 430 542 463 ne
595 414 714 465 illos
766 415 969 481 quidem
1019 433 1197 467 uersus
1247 419 1431 469 Auieni
1487 421 1793 486 perlustrare

193 483 398 548 neglexi
436 484 523 549 qui
558 484 890 535 inueniuntur
925 485 978 535 in
1016 484 1304 537 Germanici
1341 489 1510 540 codice
1543 490 1794 555 Leidensi,

195 553 282 618 qui
327 553 560 619 signatur
603 553 887 605 Vossianus
925 554 1141 606 Latinus
1180 555 1237 615 Q.
1277 558 1363 624 79,
1408 560 1467 610 cf.
1506 558 1794 611 Germanici

194 623 388 672 Aratea
423 641 471 688 p.
509 622 610 673 VII
649 627 701 674 et
736 641 907 690 progr.
943 624 1051 676 Erf.
1089 644 1137 691 p.
1176 626 1292 677 VII.

334 693 404 743 Et
442 691 664 744 Gudiani
707 694 826 744 libri
871 693 1409 763 Guelferbytanorum,
1455 700 1541 765 qui
1585 703 1662 750 est
1703 718 1794 750 nu-

193 780 334 812 mero
376 763 490 828 132,
528 764 916 830 inscriptionem
955 765 1105 815 attuli
1142 764 1227 833 (cf.
1257 766 1473 818 Hermes
1502 768 1577 819 XI
1612 788 1660 835 p.
1692 770 1790 820 251

191 851 241 883 11.
283 834 343 882 11
375 872 385 881 .

335 830 416 952 ἐκ
454 903 765 954 editionibus
797 904 1015 970 quidem,
1052 923 1176 970 quas
1206 906 1310 957 fere
1341 924 1517 958 omnes
1547 909 1794 974 inspicere

193 972 322 1022 mihi
357 972 517 1038 licuit,
555 990 627 1036 ea,
667 991 821 1039 quam
857 975 1075 1039 primam
1114 974 1363 1042 Georgius
1400 977 1555 1028 Valla
1590 977 1795 1029 Placen-

193 1042 332 1092 tinus
364 1059 500 1092 anno
531 1041 1083 1094 MOOOCLXXXVIII
1113 1044 1345 1096 Venetiis
1374 1048 1593 1114 parauit,
1628 1049 1796 1099 media

194 1115 274 1162 est
309 1112 444 1162 inter
482 1112 678 1163 codices
716 1116 768 1164 et
802 1114 1025 1180 reliquos
1062 1115 1221 1165 libros
1252 1117 1391 1181 typis
1424 1135 1702 1184 expressos,
1737 1121 1796 1168 ut

193 1182 312 1232 libri
348 1199 506 1232 manu
544 1183 720 1248 scripti
753 1184 858 1234 fere
885 1185 1048 1235 instar
1079 1186 1157 1235 sit.
1217 1187 1406 1236 etenim
1435 1187 1491 1237 in
1521 1205 1581 1238 ea
1611 1188 1796 1238 Auieni

196 1252 512 1318 aliorumque
549 1254 802 1318 poematis
839 1255 1158 1320 praescripta
1195 1258 1313 1306 sunt
1348 1257 1494 1308 haec:

194 1347 278 1390 Hic
309 1347 447 1390 codex
478 1347 643 1390 auienii
675 1348 842 1390 cotinet
871 1349 1112 1402 epigrama.
1173 1350 1318 1394 eiusde
1349 1352 1464 1393 arati
1493 1353 1741 1406 phaenome-

194 1416 255 1445 na
290 1403 563 1457 geographia
601 1405 794 1446 carmine
830 1404 1030 1447 heroico:
1069 1406 1104 1446 85
1134 1419 1229 1447 oras
1258 1407 1503 1450 maritimas
1538 1408 1741 1450 trimetro

194 1459 406 1502 iambico:
444 1459 687 1513 germanici
717 1474 871 1513 quoq;:
903 1461 938 1502 ἃ
967 1461 1104 1502 marci
1133 1461 1235 1503 tulii
1264 1462 1379 1504 arati
1405 1463 1676 1518 fragmenta:
1707 1464 1743 1506 85

197 1515 349 1558 Sereni
377 1515 525 1557 uersus
557 1516 610 1558 de
640 1515 775 1558 uariis
806 1516 1008 1559 curandis
1038 1517 1215 1559 morbis.

334 1601 398 1651 In
441 1601 649 1667 quibus,
692 1601 792 1650 nisi
829 1601 1003 1652 omnia
1039 1619 1120 1652 me
1157 1602 1365 1668 fallunt,
1410 1604 1680 1669 conspicua
1722 1609 1800 1656 est

194 1671 386 1721 uetusti
430 1672 733 1736 exemplaris
776 1671 983 1736 effigies.
1056 1670 1334 1737 Georgium
1373 1675 1544 1723 autem
1580 1673 1798 1740 Valla-m,

193 1742 246 1791 id
284 1741 420 1806 quod
456 1741 652 1807 primus
689 1741 819 1790 uidit
846 1740 1120 1791 Mauricius
1151 1741 1330 1807 Haupt
1362 1740 1447 1808 (cf.
1475 1742 1692 1794 Hermes
1721 1745 1796 1795 IV

193 1829 241 1877 p.
279 1808 430 1878 331),
475 1828 535 1862 ea
579 1828 709 1877 quae
753 1813 901 1861 uetus
946 1812 1204 1877 exemplar
1242 1812 1288 1861 ei
1324 1813 1631 1878 praebuerat
1668 1815 1792 1878 satis

195 1884 430 1931 accurate
465 1881 751 1946 repetiisse,
791 1881 907 1946 ipsa
943 1881 1310 1946 scripturarum
1345 1885 1530 1933 natura
1566 1900 1795 1950 compro-

194 1951 360 2002 batur.
431 1951 538 2001 iam
573 1950 699 2001 haec
737 1951 892 2001 editio
929 1951 1062 2000 inter
1099 1969 1275 2002 omnes
1314 1969 1373 2002 eo
1412 1953 1624 2017 excellit,
1663 1954 1799 2020 quod

194 2021 387 2071 Aratea
443 2021 659 2086 praebet
708 2021 860 2086 plena
909 2038 1072 2086 neque
1126 2022 1299 2085 ullum„
1336 2039 1540 2072 uersum
1593 2025 1798 2075 omittit.

196 2108 295 2156 quo
333 2090 526 2140 factum
565 2093 655 2155 est,
691 2092 750 2140 ut
787 2108 848 2140 ex
885 2091 1121 2141 omnibus
1159 2109 1262 2141 una
1290 2109 1336 2141 u.
1372 2093 1504 2142 1479
1537 2097 1794 2144 seruatum

193 2160 431 2211 traderet.
508 2178 675 2226 neque
727 2177 785 2211 eo
836 2161 992 2211 setius
1036 2164 1237 2226 praeter
1280 2161 1409 2211 alios
1454 2179 1629 2213 uersus
1676 2167 1797 2214 sunt

195 2230 366 2280 mutili
403 2230 520 2295 270,
559 2230 676 2296 570,
719 2230 851 2280 1079
891 2233 942 2280 et
977 2248 1024 2280 u.
1063 2230 1166 2281 675
1202 2231 1478 2297 requiritur
1516 2249 1739 2284 caesura.

335 2299 490 2349 Haud
525 2300 600 2350 ita
637 2300 801 2351 multo
838 2303 956 2365 post
993 2318 1128 2351 anno
1165 2300 1296 2350 MID
1334 2300 1499 2352 Aldus
1541 2303 1795 2354 Manutius

196 2369 458 2419 Romanus
495 2369 645 2419 Arati
681 2370 1037 2435 phaenomena
1071 2370 1240 2421 ‘Ruffo
1271 2370 1423 2421 Festo
1454 2371 1671 2422 Auienio
1708 2390 1796 2438 pa-

195 2438 476 2504 raphraste'
513 2457 616 2489 una
654 2457 767 2489 cum
795 2439 913 2490 Iulii
941 2438 1149 2490 Firmici
1180 2441 1549 2492 Astronomicis
1586 2442 1797 2508 aliisque

195 2509 357 2574 libris,
395 2509 482 2575 qui
520 2510 583 2559 ad
617 2510 953 2576 astrologiam
982 2511 1254 2576 pertinent,
1290 2510 1519 2561 Venetiis
1550 2513 1606 2562 in
1634 2513 1798 2563 lucem

197 2579 367 2630 edidit.
442 2597 541 2645 quo
582 2580 715 2630 libro
754 2597 932 2630 omnes
969 2597 1146 2631 uersus
1182 2584 1385 2645 praeter
1419 2599 1467 2631 u.
1509 2582 1641 2631 1479
1680 2599 1797 2632 con-

196 2649 437 2700 tinentur.
494 2650 549 2699 in
586 2649 762 2701 eodem
800 2651 920 2699 sunt
954 2650 1121 2701 mutili
1159 2668 1206 2703 11.
1242 2650 1365 2716 270,
1402 2650 1527 2717 570,
1568 2652 1702 2702 1079
1747 2654 1799 2702 et
