1916 2944
744 130 1085 179 -43-

20 250 92 290 >30
120 237 204 288 ille
242 238 411 303 autem
448 236 636 288 Oceani
672 241 874 289 tantum
911 240 1167 290 descendit
1202 240 1257 290 in
1294 257 1501 307 aequor,

14 599 86 638 >35

0 947 87 986 1040

0 1267 87 1351 1045

34 1644 86 1683 50

120 309 364 373 quantum
401 306 465 357 ab
503 308 731 358 caeruleo
771 309 927 359 distat
964 327 1145 361 cancro
1183 311 1508 375 capricornus

117 379 168 426 et
203 394 353 442 quam
390 377 581 426 multus
617 378 741 427 item
779 381 874 443 est,
912 379 1000 429 ubi
1037 380 1240 446 gurgite
1276 381 1491 445 protulit
1521 383 1704 445 ortum,

116 448 291 496 tantus
329 446 383 494 in
418 445 656 496 aduersas
693 447 869 498 itidem
906 451 984 498 est
1021 466 1134 499 cum
1171 450 1360 499 labitur
1395 450 1556 500 undas

118 515 342 582 signifer.
413 516 466 565 in
503 517 668 582 spatio
678 556 690 581 ,
729 520 975 584 quantum
1013 518 1275 568 deducitur
1311 535 1428 569 orae

117 585 336 635 ambitus
375 587 646 651 extremae,
683 587 858 651 puncti
893 588 1003 638 uice
1039 590 1174 638 terra
1211 588 1425 639 locanda
1462 592 1553 639 est.

115 655 247 704 unde
285 654 418 705 acies
457 656 613 706 oculis
652 673 766 706 cum
802 657 1048 722 tenditur,
1085 658 1211 708 haec
1249 675 1446 724 quoque
1484 659 1660 723 puncti

117 724 284 774 sedem
321 725 490 776 habet.
562 725 660 776 hoc
697 727 841 793 signo
877 727 1130 791 procurrit
1165 727 1321 777 missa
1356 745 1447 792 per
1485 745 1633 778 auras

117 793 349 859 signiferi
385 795 439 844 in
477 812 741 845 summum.
812 796 980 847 medio
1019 796 1078 846 de
1115 797 1319 846 tramite
1358 797 1515 862 siquis

117 862 306 930 dirigat
343 864 550 914 obtutus
589 865 738 931 agilis
774 867 952 930 procul
987 866 1180 931 hosque
1218 866 1444 916 locorum

118 933 341 983 defessos
379 934 533 1000 longo
572 934 738 1000 spatio
774 939 917 985 tener
954 937 1181 1000 amputet
1218 953 1319 985 aer:

117 1003 189 1065 id,
229 1003 358 1068 quod
396 1006 621 1054 contenti
649 1005 795 1055 ‘uisus
834 1005 1168 1070 abscinditur,
1206 1005 1359 1068 ultro,

119 1072 252 1139 siqui
289 1073 342 1123 in
379 1073 611 1139 signiferi
646 1075 875 1140 patulum
914 1075 1234 1125 circumferat
1271 1075 1467 1141 orbem,

119 1159 206 1192 sex
244 1143 330 1193 olli
366 1144 530 1209 partis
567 1160 781 1210 magnae
819 1145 959 1195 dabit
996 1145 1214 1195 ambitus
1254 1162 1384 1195 orae.

118 1215 199 1262 ast
234 1213 331 1262 hae
369 1213 599 1264 dimensa
636 1215 788 1279 spatii
825 1215 896 1265 sic
932 1215 1043 1281 lege
1079 1215 1313 1264 locantur

118 1282 336 1348 binaque
374 1282 553 1334 decisis
591 1284 857 1334 includunt
892 1284 1124 1349 partibus
1163 1287 1315 1334 astra.

118 1352 206 1401 olli
243 1368 421 1401 cancer
457 1353 610 1418 inest,
647 1354 726 1403 leo
764 1354 1055 1419 flammifer,
1091 1352 1266 1404 Attica
1301 1354 1448 1420 uirgo
1458 1394 1471 1419 ,

116 1421 324 1471 brachia
362 1425 480 1472 sunt
515 1422 692 1473 itidem
732 1423 990 1473 chelarum
1028 1426 1079 1473 et
1116 1424 1344 1488 scorpius
1381 1424 1512 1489 ipse,

116 1491 462 1556 arquitenens,
501 1496 704 1543 saetosa
741 1493 920 1543 dehinc
958 1493 1150 1557 species
1189 1493 1471 1558 capricorni

115 1560 358 1626 uoluitur,
396 1565 627 1612 auratam
663 1563 924 1627 protendit
960 1563 1198 1628 aquarius
1235 1580 1438 1627 urnam,

116 1633 225 1680 tum
262 1630 361 1681 duo
401 1634 519 1681 sunt
554 1632 740 1698 pisces,
778 1633 907 1682 aries
944 1635 1121 1683 taurus
1160 1633 1460 1698 geminique.

116 1700 196 1750 his
235 1716 286 1750 se
323 1701 403 1751 bis
443 1702 575 1752 senis
614 1703 692 1752 sol
730 1702 966 1752 admouet
1001 1702 1178 1767 hisque
1215 1718 1476 1752 recurrens

117 1770 350 1820 omnibus
389 1771 613 1822 absoluit
648 1774 787 1822 totos
825 1772 1121 1837 reparabilis
1161 1789 1334 1822 annos.

117 1857 267 1905 quem
304 1858 418 1890 cum
456 1841 689 1907 signiferi
727 1841 958 1908 graditur
995 1842 1071 1891 sol
1109 1858 1290 1891 aureus
1329 1842 1522 1907 orbem,

117 1910 318 1975 singula
354 1910 643 1978 frugiparos
682 1912 924 1962 attollunt
959 1914 1191 1976 tempora
1228 1912 1414 1962 uultus.

230 2136 336 2173 1034
367 2145 467 2174 orae
496 2145 520 2173 v
551 2132 684 2174 horae
723 2132 842 2174 VAe
944 2136 1050 2174 1036
1081 2131 1220 2174 oculis
1258 2131 1340 2173 VA
1370 2131 1486 2174 oculi
1516 2131 1709 2186 Scaliyer

115 2187 173 2228 ad
203 2187 363 2230 Manil.
395 2189 429 2228 I
456 2191 541 2230 554
657 2192 762 2230 1037
793 2188 877 2229 hoc
906 2200 931 2230 v
961 2200 1039 2230 om.
1079 2187 1145 2229 Ve
1173 2187 1220 2229 in
1249 2186 1292 2227 A
1407 2191 1514 2230 1039
1545 2187 1710 2242 dirigat

115 2243 158 2283 A
188 2243 362 2298 derigat
399 2243 440 2285 V
562 2248 668 2286 1040
698 2243 891 2286 defessos
921 2258 940 2285 e
970 2243 1169 2286 defensos
1209 2242 1290 2283 VA
1318 2244 1332 2297 ΙΙ
1360 2244 1484 2285 tener
1523 2243 1564 2284 V
1587 2245 1713 2286 tenet

116 2298 158 2340 A
246 2304 351 2342 1041
383 2298 652 2341 abscinditur
691 2300 732 2341 V
757 2298 997 2342 absciditur
1026 2300 1068 2340 A
1157 2303 1263 2340 1043
1295 2311 1370 2340 sex
1398 2311 1423 2340 v
1453 2299 1519 2340 Ex
1551 2298 1631 2340 VA
1649 2312 1669 2341 e
1697 2299 1711 2353 Η

116 2366 217 2396 orae
253 2368 278 2396 v
314 2356 448 2398 horae
495 2355 611 2397 VAe
727 2359 835 2396 1044
875 2356 959 2397 hae
996 2354 1194 2397 dimensa
1238 2354 1280 2395 V
1312 2353 1445 2396 hoedi
1482 2367 1632 2397 mensa
1667 2356 1711 2396 A

122 2413 227 2451 1045
257 2410 450 2464 binaque
480 2410 523 2452 A
552 2411 655 2452 bina
694 2410 735 2452 V
752 2412 767 2464 ΙΙ
789 2410 1021 2452 includunt
1049 2423 1073 2452 v
1103 2409 1332 2452 includant
1375 2409 1488 2451 VAe
1603 2414 1710 2452 1046

116 2465 350 2508 flammifer
378 2480 399 2508 e
427 2466 601 2508 famifer
640 2466 681 2507 V
705 2466 893 2508 flamifer
922 2466 964 2507 A
1060 2470 1165 2507 1049
1202 2465 1395 2507 uoluitur
1432 2465 1474 2506 V
1498 2465 1583 2507 Vel
1613 2479 1712 2507 eum

118 2534 287 2563 summa
329 2523 444 2578 estas
486 2522 636 2575 coquit
671 2523 722 2564 in
750 2522 946 2564 uoluitur
974 2522 1162 2564 mutauit
1190 2533 1346 2563 manus
1373 2524 1398 2562 1
1431 2521 1474 2562 A
1503 2522 1712 2564 librarius

114 2588 196 2628 pro
223 2581 403 2620 u.1049
433 2579 669 2620 iteratwrus
698 2583 791 2620 erat
819 2591 860 2618 u.
899 2581 985 2620 999
1103 2581 1208 2618 1051
1246 2577 1315 2618 his
1354 2590 1398 2618 se
1435 2575 1503 2617 bis
1541 2576 1654 2618 senis
1692 2591 1712 2619 e

117 2631 361 2675 His-saebis
392 2634 506 2676 senis
545 2633 587 2675 V
610 2633 690 2675 His
720 2647 764 2675 se
794 2632 981 2676 bissenis
1012 2633 1054 2673 A
1076 2632 1091 2687 {l
1115 2633 1323 2674 admouet
1352 2631 1394 2671 V
1418 2634 1642 2676 ammonet
1668 2634 1710 2674 A

120 2691 225 2730 1053
257 2702 388 2741 quem
420 2689 599 2733 Grotius
629 2701 741 2742 quae
780 2688 861 2730 VA
920 2692 1029 2731 1054
1057 2687 1302 2741 frugiparos
1341 2686 1382 2728 V
1406 2687 1638 2741 frugiferos
1668 2689 1711 2730 A
