1916 2944
813 140 1158 190 —37—

196 254 250 301 at
287 250 330 300 si
364 248 676 306 Centaurum
713 249 880 300 medio
917 250 1013 300 sub
1050 251 1254 302 tramite
1292 252 1418 303 caeli

83 334 164 374 875
193 319 401 384 uideris,
436 321 493 369 ut
526 319 685 369 fluctu
720 321 922 369 tantum
959 319 1184 371 discedat
1219 338 1333 387 e00‚

195 392 437 455 quantum
475 388 582 438 adit
619 405 875 455 occasum,
913 389 981 439 sit
1017 391 1180 440 tectus
1219 391 1433 456 desuper
1470 394 1639 442 autem

192 459 326 509 nube
363 475 593 508 umerum
631 461 682 507 et
717 459 854 509 caelo
893 459 994 509 sint
1031 460 1202 510 omnia
1234 461 1380 526 signa
1415 461 1608 526 priora:

195 545 344 579 eurus
382 528 498 592 erit,
535 531 705 577 uerret
742 528 863 578 salsi
901 529 1032 578 uada
1069 530 1288 595 gurgitis
1325 547 1488 581 eurus,

264 596 648 663 Contemplator
685 599 820 648 enim
857 599 1132 663 geminae
1167 599 1434 650 rutilantia
1469 600 1699 650 formae

85 682 165 721 880
194 667 452 732 uiscera,
489 684 618 732 quae
656 667 816 734 signis
854 667 1077 718 subtexit
1112 670 1338 730 membra
1375 669 1586 720 duobus.

193 754 313 787 nam
352 755 451 803 qua
487 739 631 801 parte
666 736 926 786 hominem
966 738 1252 803 quadrupes
1291 739 1515 789 sustollit
1551 738 1735 806 equino

194 809 370 857 uentre
410 823 561 871 super
597 808 839 872 stantem,
877 809 1108 856 uersatur
1146 809 1372 874 scorpius
1411 809 1613 875 ingens:

196 880 249 927 at
286 894 385 942 qua
421 875 741 941 cornipedem
777 876 941 926 media
977 877 1056 926 uir
1090 876 1257 927 fundit
1293 877 1358 928 ab
1396 879 1535 943 aluo,

195 963 352 996 curua
388 946 628 995 uenenati
666 949 784 995 sunt
819 948 1020 995 tantum
1057 946 1267 997 brachia
1304 947 1451 1014 signi.

83 1031 164 1070 885
193 1016 279 1066 ille
317 1017 508 1080 autem,
545 1014 772 1065 dextram
809 1016 1111 1081 protendere
1149 1017 1291 1067 uisus
1329 1017 1393 1067 ad
1430 1034 1572 1068 aram

0 1089 1 1097 ’
194 1085 512 1150 caelicolum,
548 1085 711 1134 iustae
746 1085 993 1150 persoluit
1028 1102 1239 1136 munera
1276 1087 1412 1137 uitae

195 1157 550 1222 agrestemque
586 1172 741 1204 manu
778 1154 1018 1219 praedam
1055 1156 1201 1221 gerit.
1273 1156 1375 1221 hic,
1412 1157 1501 1207 ubi
1538 1156 1671 1207 celso

193 1224 373 1275 Pelion
410 1224 640 1290 adsurgit
676 1224 826 1275 dorso
863 1241 1230 1291 nemorosaque
1266 1226 1367 1275 late

194 1294 374 1344 inserit
410 1293 559 1344 aeriis
596 1293 717 1359 iuga
752 1294 996 1359 nubibus,
1034 1295 1225 1345 arbiter
1262 1295 1410 1360 aequi

1 1411 4 1419 2
83 1379 164 1419 890
195 1366 371 1430 egerat
405 1363 615 1412 Alcidae
651 1364 823 1428 legum
859 1366 978 1428 post
1015 1363 1151 1414 bella
1187 1365 1446 1430 magister.

263 1432 494 1498 Desuper
529 1433 728 1498 ingenti
764 1449 873 1483 sese
908 1433 1111 1498 agmine
1147 1434 1366 1499 porrigit
1400 1434 1611 1500 hydra,

195 1520 322 1569 quae
359 1502 561 1567 prolata
598 1502 707 1552 salo
745 1502 897 1568 161186
934 1503 1068 1552 latus
1106 1503 1326 1568 explicat
1365 1504 1563 1570 aethra,

194 1573 249 1622 in
287 1589 522 1623 cancrum
558 1574 795 1636 protenta
831 1575 1004 1637 caput,
1041 1573 1351 1639 caudamque
1388 1574 1545 1624 feroci

195 1641 451 1693 Centauro
488 1641 723 1707 inclinat,
760 1642 946 1691 transit
983 1643 1208 1707 spatiosa
1243 1643 1404 1693 leonis

85 1727 164 1766 895
195 1712 391 1762 uiscera
429 1713 479 1761 et
514 1711 711 1778 ingenti
750 1712 842 1762 sub
879 1711 1078 1777 uirgine
1116 1729 1313 1762 summa
1350 1712 1579 1778 quiescit.

197 1782 319 1847 quin
356 1784 407 1831 et
443 1798 554 1831 eam
593 1782 782 1846 spirare
819 1784 987 1846 putes:
1026 1782 1097 1832 sic
1134 1783 1340 1847 agmina
1375 1783 1515 1833 caelo

194 1851 391 1902 lubrica
428 1851 710 1916 conuoluit‚
748 1851 819 1901 sic
857 1851 1020 1916 spiras
1057 1852 1277 1916 pendula
1312 1854 1538 1916 torquet,

196 1922 267 1971 sic
304 1924 355 1971 et
389 1920 707 1987 flammigero
744 1921 976 1986 linguam
1013 1921 1133 1971 iacit
1170 1938 1256 1971 ore
1292 1921 1572 1971 trisulcam.

197 1991 448 2055 spirarum
484 1991 650 2040 medio
688 1992 856 2056 gestat
892 1992 1130 2040 cratera
1168 2008 1455 2056 coruscum,

85 2076 166 2115 900
195 2060 378 2110 ultima
414 2061 698 2110 caeruleum
737 2062 1026 2110 sustentant
1064 2061 1270 2126 agmina
1307 2077 1571 2125 coruum,

197 2131 299 2180 ales
335 2132 393 2180 ut
428 2129 623 2180 intento
660 2129 823 2179 fodiat
859 2146 991 2196 uaga
1028 2130 1224 2180 uiscera
1259 2132 1442 2181 rostro.

307 2258 388 2296 876
426 2253 485 2295 sit
522 2253 564 2294 V
589 2253 624 2295 si
653 2252 697 2294 A
811 2256 892 2294 878
929 2252 1034 2294 salsi
1070 2252 1112 2294 V
1137 2253 1255 2295 salsa
1282 2252 1326 2294 A
1440 2266 1482 2294 u.
1516 2255 1602 2294 879
1632 2251 1784 2293 inscri-

197 2310 314 2352 bitur
344 2308 688 2351 CENTAVRVS
728 2307 808 2350 VA
894 2312 975 2349 880
1006 2320 1117 2361 quae
1146 2322 1171 2351 v
1202 2309 1320 2361 quod
1358 2307 1470 2351 VAe
1547 2311 1629 2349 882
1661 2319 1791 2359 super

197 2366 385 2407 stantem
415 2366 458 2406 A
489 2366 810 2419 superstantem
849 2364 891 2405 V
1000 2369 1081 2407 888
1111 2364 1265 2407 Pelion
1293 2363 1333 2405 V
1361 2363 1510 2405 Pelius
1541 2363 1606 2404 A·
1706 2366 1789 2404 890

197 2423 347 2475 egerat
384 2420 465 2462 VA
493 2420 674 2473 degerat
703 2419 882 2462 Grotius
909 2421 925 2474 ss
952 2420 1160 2474 magister
1195 2419 1237 2461 V
1261 2432 1368 2462 corr.
1400 2419 1443 2460 A
1530 2432 1571 2462 u.
1603 2421 1689 2460 891
1720 2419 1810 2465 ins

196 2477 400 2519 scribitwr
427 2475 631 2517 HYDRA
669 2476 750 2517 VA
864 2480 945 2518 892
983 2477 1073 2517 salo
1112 2475 1153 2517 V
1182 2475 1278 2517 solo
1308 2475 1351 2517 A
1386 2476 1401 2528 ΙΙ
1437 2475 1568 2529 longe
1606 2487 1626 2516 e
1655 2474 1790 2527 longa

205 2532 287 2574 VA
344 2536 426 2574 894
454 2531 639 2574 inclinat
677 2531 718 2571 V
743 2543 850 2573 corr.
883 2531 932 2572 A
991 2535 1071 2573 895
1103 2544 1274 2573 summa
1303 2531 1345 2573 A
1377 2543 1502 2572 suma
1539 2530 1580 2571 V
1633 2533 1715 2572 896
1747 2530 1793 2570 et

199 2601 295 2630 eam
330 2588 486 2641 scripsi
521 2588 575 2639 cf.
606 2587 784 2629 Hermes
817 2587 915 2628 XV
938 2601 984 2639 p.
1017 2590 1103 2629 184
1130 2600 1173 2628 n.
1205 2590 1262 2630 57
1289 2586 1431 2628 uitam
1470 2585 1549 2627 VA
1580 2587 1595 2639 ΙΙ
1624 2585 1790 2639 spirare

206 2643 248 2684 V
280 2655 453 2696 sperare
490 2644 532 2685 A
647 2647 726 2684 901
766 2656 880 2697 uaga
925 2642 1006 2684 VA
1043 2656 1153 2685 caua
1183 2643 1410 2696 Hauptius
1447 2642 1500 2695 ef.
1538 2641 1718 2685 Hermes
1755 2639 1797 2681 V
