<?xml version="1.0" encoding="UTF-8"?>
<!DOCTYPE html PUBLIC "-//W3C//DTD XHTML 1.0 Transitional//EN"
    "http://www.w3.org/TR/xhtml1/DTD/xhtml1-transitional.dtd">
<html xmlns="http://www.w3.org/1999/xhtml" xml:lang="en" lang="en">
 <head>
  <title>
</title>
<meta http-equiv="Content-Type" content="text/html;charset=utf-8" />
  <meta name='ocr-system' content='tesseract 3.04.00' />
  <meta name='ocr-capabilities' content='ocr_page ocr_carea ocr_par ocr_line ocrx_word'/>
</head>
<body>
  <div class='ocr_page' id='page_1' title='image "./rufifestiavienia00avieuoft_0066.png"; bbox 0 0 1916 2944; ppageno 0'>
   <div class='ocr_carea' id='block_1_1' title="bbox 136 255 242 294">
    <p class='ocr_par' dir='ltr' id='par_1_1' title="bbox 136 255 242 294">
     <span class='ocr_line' id='line_1_1' title="bbox 136 255 242 294; baseline -0.009 0"><span class='ocrx_word' id='word_1_1' title='bbox 136 255 242 294; x_wconf 87' lang='lat'>1055</span> 
     </span>
    </p>
   </div>
   <div class='ocr_carea' id='block_1_2' title="bbox 137 603 243 642">
    <p class='ocr_par' dir='ltr' id='par_1_2' title="bbox 137 603 243 642">
     <span class='ocr_line' id='line_1_2' title="bbox 137 603 243 642; baseline 0 -2"><span class='ocrx_word' id='word_1_2' title='bbox 137 603 243 642; x_wconf 89' lang='grc'>1060</span> 
     </span>
    </p>
   </div>
   <div class='ocr_carea' id='block_1_3' title="bbox 138 950 244 989">
    <p class='ocr_par' dir='ltr' id='par_1_3' title="bbox 138 950 244 989">
     <span class='ocr_line' id='line_1_3' title="bbox 138 950 244 989; baseline 0 -2"><span class='ocrx_word' id='word_1_3' title='bbox 138 950 244 989; x_wconf 83' lang='grc'><strong>1065</strong></span> 
     </span>
    </p>
   </div>
   <div class='ocr_carea' id='block_1_4' title="bbox 137 1298 244 1337">
    <p class='ocr_par' dir='ltr' id='par_1_4' title="bbox 137 1298 244 1337">
     <span class='ocr_line' id='line_1_4' title="bbox 137 1298 244 1337; baseline -0.009 0"><span class='ocrx_word' id='word_1_4' title='bbox 137 1298 244 1337; x_wconf 90' lang='grc'><strong>1070</strong></span> 
     </span>
    </p>
   </div>
   <div class='ocr_carea' id='block_1_5' title="bbox 139 1646 244 1686">
    <p class='ocr_par' dir='ltr' id='par_1_5' title="bbox 139 1646 244 1686">
     <span class='ocr_line' id='line_1_5' title="bbox 139 1646 244 1686; baseline -0.01 -1"><span class='ocrx_word' id='word_1_5' title='bbox 139 1646 244 1686; x_wconf 82' lang='grc'><strong>1075</strong></span> 
     </span>
    </p>
   </div>
   <div class='ocr_carea' id='block_1_6' title="bbox 138 1996 245 2035">
    <p class='ocr_par' dir='ltr' id='par_1_6' title="bbox 138 1996 245 2035">
     <span class='ocr_line' id='line_1_6' title="bbox 138 1996 245 2035; baseline 0.009 -1"><span class='ocrx_word' id='word_1_6' title='bbox 138 1996 245 2035; x_wconf 91' lang='grc'><strong>1080</strong></span> 
     </span>
    </p>
   </div>
   <div class='ocr_carea' id='block_1_7' title="bbox 272 241 1868 2191">
    <p class='ocr_par' dir='ltr' id='par_1_7' title="bbox 272 241 1687 586">
     <span class='ocr_line' id='line_1_7' title="bbox 272 241 1476 309; baseline 0.001 -17"><span class='ocrx_word' id='word_1_7' title='bbox 272 243 409 292; x_wconf 84' lang='grc'><strong>1111118</strong></span> <span class='ocrx_word' id='word_1_8' title='bbox 447 241 647 292; x_wconf 82' lang='lat' dir='ltr'>Oceano</span> <span class='ocrx_word' id='word_1_9' title='bbox 685 243 933 307; x_wconf 87' lang='lat' dir='ltr'>quantum</span> <span class='ocrx_word' id='word_1_10' title='bbox 971 241 1312 309; x_wconf 71' lang='lat' dir='ltr'>submergitur</span> <span class='ocrx_word' id='word_1_11' title='bbox 1349 243 1476 307; x_wconf 79' lang='lat' dir='ltr'>alto,</span> 
     </span>
     <span class='ocr_line' id='line_1_8' title="bbox 273 311 1579 377; baseline 0.001 -15"><span class='ocrx_word' id='word_1_12' title='bbox 273 314 474 362; x_wconf 87' lang='lat' dir='ltr'>tantum</span> <span class='ocrx_word' id='word_1_13' title='bbox 511 311 710 362; x_wconf 88' lang='lat' dir='ltr'>telluris</span> <span class='ocrx_word' id='word_1_14' title='bbox 749 328 898 377; x_wconf 91' lang='lat' dir='ltr'>super</span> <span class='ocrx_word' id='word_1_15' title='bbox 936 312 1136 362; x_wconf 90' lang='lat' dir='ltr'>eminet.</span> <span class='ocrx_word' id='word_1_16' title='bbox 1210 313 1444 362; x_wconf 88' lang='lat' dir='ltr'>omnibus</span> <span class='ocrx_word' id='word_1_17' title='bbox 1481 313 1579 363; x_wconf 87' lang='lat' dir='ltr'>iste</span> 
     </span>
     <span class='ocr_line' id='line_1_9' title="bbox 273 381 1540 447; baseline 0.001 -16"><span class='ocrx_word' id='word_1_18' title='bbox 273 381 510 431; x_wconf 87' lang='lat' dir='ltr'>noctibus</span> <span class='ocrx_word' id='word_1_19' title='bbox 548 381 780 431; x_wconf 84' lang='lat' dir='ltr'>inlabens</span> <span class='ocrx_word' id='word_1_20' title='bbox 817 381 1002 447; x_wconf 83' lang='lat' dir='ltr'>pelago</span> <span class='ocrx_word' id='word_1_21' title='bbox 1041 398 1129 430; x_wconf 90' lang='lat' dir='ltr'>sex</span> <span class='ocrx_word' id='word_1_22' title='bbox 1165 381 1343 431; x_wconf 85' lang='lat' dir='ltr'>inserit</span> <span class='ocrx_word' id='word_1_23' title='bbox 1380 385 1540 444; x_wconf 83' lang='lat' dir='ltr'>astra,</span> 
     </span>
     <span class='ocr_line' id='line_1_10' title="bbox 275 451 1687 517; baseline 0.001 -17"><span class='ocrx_word' id='word_1_24' title='bbox 275 468 361 500; x_wconf 90' lang='lat' dir='ltr'>sex</span> <span class='ocrx_word' id='word_1_25' title='bbox 398 453 618 516; x_wconf 84' lang='lat' dir='ltr'>reparat.</span> <span class='ocrx_word' id='word_1_26' title='bbox 688 452 836 500; x_wconf 87' lang='lat' dir='ltr'>tanto</span> <span class='ocrx_word' id='word_1_27' title='bbox 874 468 977 501; x_wconf 86' lang='lat' dir='ltr'>nox</span> <span class='ocrx_word' id='word_1_28' title='bbox 1014 451 1186 500; x_wconf 91' lang='lat' dir='ltr'>umida</span> <span class='ocrx_word' id='word_1_29' title='bbox 1221 453 1449 516; x_wconf 88' lang='lat' dir='ltr'>tempore</span> <span class='ocrx_word' id='word_1_30' title='bbox 1487 469 1687 517; x_wconf 85' lang='lat' dir='ltr'>semper</span> 
     </span>
     <span class='ocr_line' id='line_1_11' title="bbox 273 520 1617 586; baseline 0.001 -17"><span class='ocrx_word' id='word_1_31' title='bbox 273 520 520 585; x_wconf 76' lang='lat' dir='ltr'>tenditur,</span> <span class='ocrx_word' id='word_1_32' title='bbox 558 520 792 570; x_wconf 72' lang='lat' dir='ltr'>extulerit</span> <span class='ocrx_word' id='word_1_33' title='bbox 829 523 1076 586; x_wconf 88' lang='lat' dir='ltr'>quantum</span> <span class='ocrx_word' id='word_1_34' title='bbox 1114 537 1167 570; x_wconf 89' lang='lat' dir='ltr'>se</span> <span class='ocrx_word' id='word_1_35' title='bbox 1204 521 1417 571; x_wconf 88' lang='lat' dir='ltr'>circulus</span> <span class='ocrx_word' id='word_1_36' title='bbox 1454 522 1617 572; x_wconf 87' lang='lat' dir='ltr'>undis.</span> 
     </span>
    </p>

    <p class='ocr_par' dir='ltr' id='par_1_8' title="bbox 272 589 1722 1771">
     <span class='ocr_line' id='line_1_12' title="bbox 342 589 1714 655; baseline 0.002 -17"><span class='ocrx_word' id='word_1_37' title='bbox 342 590 416 639; x_wconf 92' lang='lat' dir='ltr'>At</span> <span class='ocrx_word' id='word_1_38' title='bbox 452 589 495 640; x_wconf 86' lang='lat' dir='ltr'>si</span> <span class='ocrx_word' id='word_1_39' title='bbox 535 591 660 640; x_wconf 90' lang='lat' dir='ltr'>scire</span> <span class='ocrx_word' id='word_1_40' title='bbox 696 590 847 655; x_wconf 89' lang='grc'><strong>116118,</strong></span> <span class='ocrx_word' id='word_1_41' title='bbox 884 607 1028 640; x_wconf 88' lang='grc'><strong>111016</strong></span> <span class='ocrx_word' id='word_1_42' title='bbox 1063 591 1228 639; x_wconf 87' lang='grc'><strong>11166111</strong></span> <span class='ocrx_word' id='word_1_43' title='bbox 1266 593 1459 655; x_wconf 89' lang='lat' dir='ltr'>quanta</span> <span class='ocrx_word' id='word_1_44' title='bbox 1494 593 1714 641; x_wconf 88' lang='lat' dir='ltr'>retentet</span> 
     </span>
     <span class='ocr_line' id='line_1_13' title="bbox 276 660 1533 725; baseline 0.002 -17"><span class='ocrx_word' id='word_1_45' title='bbox 276 661 327 709; x_wconf 87' lang='lat' dir='ltr'>et</span> <span class='ocrx_word' id='word_1_46' title='bbox 364 662 556 725; x_wconf 90' lang='lat' dir='ltr'>quanto</span> <span class='ocrx_word' id='word_1_47' title='bbox 592 677 694 710; x_wconf 85' lang='lat' dir='ltr'>nox</span> <span class='ocrx_word' id='word_1_48' title='bbox 732 662 844 709; x_wconf 88' lang='lat' dir='ltr'>atra</span> <span class='ocrx_word' id='word_1_49' title='bbox 881 660 981 709; x_wconf 87' lang='lat' dir='ltr'>sibi</span> <span class='ocrx_word' id='word_1_50' title='bbox 1016 660 1190 709; x_wconf 87' lang='lat' dir='ltr'>trahat</span> <span class='ocrx_word' id='word_1_51' title='bbox 1226 661 1329 710; x_wconf 84' lang='lat' dir='ltr'>otia</span> <span class='ocrx_word' id='word_1_52' title='bbox 1366 660 1533 725; x_wconf 88' lang='lat' dir='ltr'>lapsu:</span> 
     </span>
     <span class='ocr_line' id='line_1_14' title="bbox 276 727 1661 796; baseline 0.001 -17"><span class='ocrx_word' id='word_1_53' title='bbox 276 746 404 794; x_wconf 88' lang='lat' dir='ltr'>quae</span> <span class='ocrx_word' id='word_1_54' title='bbox 441 730 620 794; x_wconf 89' lang='lat' dir='ltr'>procul</span> <span class='ocrx_word' id='word_1_55' title='bbox 659 727 864 780; x_wconf 86' lang='lat' dir='ltr'>Oceano</span> <span class='ocrx_word' id='word_1_56' title='bbox 903 732 1237 795; x_wconf 83' lang='lat' dir='ltr'>consurgunt,</span> <span class='ocrx_word' id='word_1_57' title='bbox 1275 729 1423 796; x_wconf 85' lang='lat' dir='ltr'>signa</span> <span class='ocrx_word' id='word_1_58' title='bbox 1459 732 1661 796; x_wconf 87' lang='lat' dir='ltr'>notat0‚</span> 
     </span>
     <span class='ocr_line' id='line_1_15' title="bbox 274 799 1600 878; baseline 0 -30"><span class='ocrx_word' id='word_1_59' title='bbox 274 799 459 848; x_wconf 86' lang='lat' dir='ltr'>horum</span> <span class='ocrx_word' id='word_1_60' title='bbox 498 816 698 878; x_wconf 85' lang='lat' dir='ltr'>semper</span> <span class='ocrx_word' id='word_1_61' title='bbox 734 799 869 848; x_wconf 89' lang='lat' dir='ltr'>enim</span> <span class='ocrx_word' id='word_1_62' title='bbox 909 816 1076 849; x_wconf 91' lang='lat' dir='ltr'>comes</span> <span class='ocrx_word' id='word_1_63' title='bbox 1101 802 1193 863; x_wconf 86' lang='lat' dir='ltr'>est</span> <span class='ocrx_word' id='word_1_64' title='bbox 1228 799 1462 850; x_wconf 88' lang='lat' dir='ltr'>Titanius</span> <span class='ocrx_word' id='word_1_65' title='bbox 1498 799 1600 849; x_wconf 88' lang='lat' dir='ltr'>uni.</span> 
     </span>
     <span class='ocr_line' id='line_1_16' title="bbox 273 868 1679 935; baseline 0.001 -18"><span class='ocrx_word' id='word_1_66' title='bbox 273 868 457 919; x_wconf 89' lang='lat' dir='ltr'>horum</span> <span class='ocrx_word' id='word_1_67' title='bbox 494 868 662 935; x_wconf 90' lang='lat' dir='ltr'>prima</span> <span class='ocrx_word' id='word_1_68' title='bbox 699 869 861 918; x_wconf 89' lang='grc'><strong>0611118</strong></span> <span class='ocrx_word' id='word_1_69' title='bbox 898 886 1094 919; x_wconf 90' lang='lat' dir='ltr'>memor</span> <span class='ocrx_word' id='word_1_70' title='bbox 1125 869 1436 919; x_wconf 89' lang='lat' dir='ltr'>incunabula</span> <span class='ocrx_word' id='word_1_71' title='bbox 1473 885 1679 935; x_wconf 87' lang='lat' dir='ltr'>quaere,</span> 
     </span>
     <span class='ocr_line' id='line_1_17' title="bbox 275 938 1549 1004; baseline 0.001 -17"><span class='ocrx_word' id='word_1_72' title='bbox 275 938 485 988; x_wconf 90' lang='lat' dir='ltr'>luminis</span> <span class='ocrx_word' id='word_1_73' title='bbox 523 939 637 1003; x_wconf 91' lang='lat' dir='ltr'>ipsa</span> <span class='ocrx_word' id='word_1_74' title='bbox 673 939 795 1004; x_wconf 85' lang='lat' dir='ltr'>uagi</span> <span class='ocrx_word' id='word_1_75' title='bbox 833 941 1046 1004; x_wconf 88' lang='lat' dir='ltr'>captans</span> <span class='ocrx_word' id='word_1_76' title='bbox 1082 940 1378 1003; x_wconf 87' lang='lat' dir='ltr'>uenatibus,</span> <span class='ocrx_word' id='word_1_77' title='bbox 1414 939 1549 1004; x_wconf 88' lang='lat' dir='ltr'>ipsa,</span> 
     </span>
     <span class='ocr_line' id='line_1_18' title="bbox 273 1007 1701 1073; baseline 0.001 -16"><span class='ocrx_word' id='word_1_78' title='bbox 273 1009 386 1072; x_wconf 89' lang='lat' dir='ltr'>ipsa</span> <span class='ocrx_word' id='word_1_79' title='bbox 422 1010 606 1058; x_wconf 88' lang='lat' dir='ltr'>notans</span> <span class='ocrx_word' id='word_1_80' title='bbox 644 1007 846 1058; x_wconf 89' lang='lat' dir='ltr'>mundo.</span> <span class='ocrx_word' id='word_1_81' title='bbox 919 1025 1046 1073; x_wconf 91' lang='lat' dir='ltr'>quae</span> <span class='ocrx_word' id='word_1_82' title='bbox 1084 1008 1127 1058; x_wconf 87' lang='lat' dir='ltr'>si</span> <span class='ocrx_word' id='word_1_83' title='bbox 1165 1025 1218 1058; x_wconf 92' lang='grc'>86</span> <span class='ocrx_word' id='word_1_84' title='bbox 1255 1009 1476 1058; x_wconf 88' lang='lat' dir='ltr'>nubibus</span> <span class='ocrx_word' id='word_1_85' title='bbox 1514 1008 1701 1059; x_wconf 88' lang='lat' dir='ltr'>abdent</span> 
     </span>
     <span class='ocr_line' id='line_1_19' title="bbox 275 1078 1658 1144; baseline 0 -17"><span class='ocrx_word' id='word_1_86' title='bbox 275 1080 363 1127; x_wconf 88' lang='lat' dir='ltr'>aut</span> <span class='ocrx_word' id='word_1_87' title='bbox 399 1078 464 1142; x_wconf 85' lang='lat' dir='ltr'>si,</span> <span class='ocrx_word' id='word_1_88' title='bbox 502 1094 617 1127; x_wconf 92' lang='lat' dir='ltr'>cum</span> <span class='ocrx_word' id='word_1_89' title='bbox 655 1080 892 1143; x_wconf 88' lang='lat' dir='ltr'>surgunt,</span> <span class='ocrx_word' id='word_1_90' title='bbox 929 1081 988 1128; x_wconf 88' lang='lat' dir='ltr'>ut</span> <span class='ocrx_word' id='word_1_91' title='bbox 1022 1078 1175 1128; x_wconf 89' lang='lat' dir='ltr'>tellus</span> <span class='ocrx_word' id='word_1_92' title='bbox 1213 1095 1362 1143; x_wconf 89' lang='lat' dir='ltr'>saepe</span> <span class='ocrx_word' id='word_1_93' title='bbox 1399 1078 1658 1144; x_wconf 84' lang='lat' dir='ltr'>tumescit,</span> 
     </span>
     <span class='ocr_line' id='line_1_20' title="bbox 276 1147 1543 1213; baseline 0.001 -17"><span class='ocrx_word' id='word_1_94' title='bbox 276 1148 531 1197; x_wconf 87' lang='lat' dir='ltr'>occultata</span> <span class='ocrx_word' id='word_1_95' title='bbox 567 1147 688 1213; x_wconf 87' lang='lat' dir='ltr'>iugo</span> <span class='ocrx_word' id='word_1_96' title='bbox 726 1150 1090 1212; x_wconf 85' lang='lat' dir='ltr'>praetextaque</span> <span class='ocrx_word' id='word_1_97' title='bbox 1125 1165 1251 1213; x_wconf 89' lang='lat' dir='ltr'>rupe</span> <span class='ocrx_word' id='word_1_98' title='bbox 1288 1148 1543 1213; x_wconf 85' lang='lat' dir='ltr'>latebunt,</span> 
     </span>
     <span class='ocr_line' id='line_1_21' title="bbox 273 1217 1700 1283; baseline 0 -17"><span class='ocrx_word' id='word_1_99' title='bbox 273 1219 513 1283; x_wconf 87' lang='lat' dir='ltr'>prompta</span> <span class='ocrx_word' id='word_1_100' title='bbox 549 1217 635 1267; x_wconf 91' lang='lat' dir='ltr'>uia</span> <span class='ocrx_word' id='word_1_101' title='bbox 672 1220 751 1267; x_wconf 86' lang='lat' dir='ltr'>est</span> <span class='ocrx_word' id='word_1_102' title='bbox 788 1217 900 1267; x_wconf 88' lang='lat' dir='ltr'>aliis</span> <span class='ocrx_word' id='word_1_103' title='bbox 937 1217 1235 1267; x_wconf 91' lang='lat' dir='ltr'>uenientum</span> <span class='ocrx_word' id='word_1_104' title='bbox 1270 1220 1505 1283; x_wconf 90' lang='lat' dir='ltr'>tempora</span> <span class='ocrx_word' id='word_1_105' title='bbox 1541 1217 1700 1283; x_wconf 83' lang='lat' dir='ltr'>signis</span> 
     </span>
     <span class='ocr_line' id='line_1_22' title="bbox 275 1287 1722 1352; baseline 0 -16"><span class='ocrx_word' id='word_1_106' title='bbox 275 1303 499 1337; x_wconf 87' lang='lat' dir='ltr'>noscere.</span> <span class='ocrx_word' id='word_1_107' title='bbox 570 1303 790 1351; x_wconf 89' lang='lat' dir='ltr'>namque</span> <span class='ocrx_word' id='word_1_108' title='bbox 826 1287 939 1352; x_wconf 87' lang='lat' dir='ltr'>ipso</span> <span class='ocrx_word' id='word_1_109' title='bbox 978 1287 1300 1352; x_wconf 88' lang='lat' dir='ltr'>deprenderis</span> <span class='ocrx_word' id='word_1_110' title='bbox 1336 1287 1501 1337; x_wconf 89' lang='lat' dir='ltr'>indice</span> <span class='ocrx_word' id='word_1_111' title='bbox 1539 1289 1722 1337; x_wconf 87' lang='lat' dir='ltr'>cuncta</span> 
     </span>
     <span class='ocr_line' id='line_1_23' title="bbox 275 1356 1689 1422; baseline -0.001 -15"><span class='ocrx_word' id='word_1_112' title='bbox 275 1356 500 1422; x_wconf 84' lang='lat' dir='ltr'>Ocean0‚</span> <span class='ocrx_word' id='word_1_113' title='bbox 537 1373 779 1422; x_wconf 88' lang='lat' dir='ltr'>magnam</span> <span class='ocrx_word' id='word_1_114' title='bbox 818 1374 919 1421; x_wconf 90' lang='lat' dir='ltr'>qua</span> <span class='ocrx_word' id='word_1_115' title='bbox 954 1357 1143 1407; x_wconf 90' lang='lat' dir='ltr'>circum</span> <span class='ocrx_word' id='word_1_116' title='bbox 1181 1358 1505 1422; x_wconf 88' lang='lat' dir='ltr'>amplectitur</span> <span class='ocrx_word' id='word_1_117' title='bbox 1540 1356 1689 1406; x_wconf 90' lang='lat' dir='ltr'>undis</span> 
     </span>
     <span class='ocr_line' id='line_1_24' title="bbox 274 1426 1497 1491; baseline 0.002 -16"><span class='ocrx_word' id='word_1_118' title='bbox 274 1427 529 1491; x_wconf 88' lang='lat' dir='ltr'>tellurem,</span> <span class='ocrx_word' id='word_1_119' title='bbox 567 1430 744 1476; x_wconf 85' lang='lat' dir='ltr'>curuet</span> <span class='ocrx_word' id='word_1_120' title='bbox 780 1426 990 1477; x_wconf 87' lang='lat' dir='ltr'>celando</span> <span class='ocrx_word' id='word_1_121' title='bbox 1026 1429 1084 1476; x_wconf 90' lang='lat' dir='ltr'>ut</span> <span class='ocrx_word' id='word_1_122' title='bbox 1119 1427 1274 1477; x_wconf 88' lang='lat' dir='ltr'>litora</span> <span class='ocrx_word' id='word_1_123' title='bbox 1311 1427 1497 1477; x_wconf 91' lang='lat' dir='ltr'>mundo</span> 
     </span>
     <span class='ocr_line' id='line_1_25' title="bbox 272 1496 1570 1562; baseline 0.001 -17"><span class='ocrx_word' id='word_1_124' title='bbox 272 1496 429 1546; x_wconf 87' lang='lat' dir='ltr'>latius</span> <span class='ocrx_word' id='word_1_125' title='bbox 467 1496 629 1561; x_wconf 87' lang='lat' dir='ltr'>adque</span> <span class='ocrx_word' id='word_1_126' title='bbox 668 1496 781 1546; x_wconf 86' lang='lat' dir='ltr'>sinu</span> <span class='ocrx_word' id='word_1_127' title='bbox 816 1496 981 1562; x_wconf 90' lang='lat' dir='ltr'>patuli</span> <span class='ocrx_word' id='word_1_128' title='bbox 1019 1497 1140 1547; x_wconf 88' lang='lat' dir='ltr'>salis</span> <span class='ocrx_word' id='word_1_129' title='bbox 1177 1497 1382 1547; x_wconf 88' lang='lat' dir='ltr'>hauriat</span> <span class='ocrx_word' id='word_1_130' title='bbox 1419 1499 1570 1546; x_wconf 78' lang='lat' dir='ltr'>astra.</span> 
     </span>
     <span class='ocr_line' id='line_1_26' title="bbox 273 1566 1533 1632; baseline 0.001 -17"><span class='ocrx_word' id='word_1_131' title='bbox 273 1566 421 1615; x_wconf 88' lang='lat' dir='ltr'>istius</span> <span class='ocrx_word' id='word_1_132' title='bbox 458 1566 700 1615; x_wconf 90' lang='lat' dir='ltr'>indicium</span> <span class='ocrx_word' id='word_1_133' title='bbox 736 1566 1052 1631; x_wconf 87' lang='lat' dir='ltr'>praebebunt</span> <span class='ocrx_word' id='word_1_134' title='bbox 1089 1583 1279 1616; x_wconf 89' lang='lat' dir='ltr'>cornua</span> <span class='ocrx_word' id='word_1_135' title='bbox 1316 1583 1533 1632; x_wconf 82' lang='lat' dir='ltr'>semper,</span> 
     </span>
     <span class='ocr_line' id='line_1_27' title="bbox 275 1635 1456 1701; baseline 0.001 -17"><span class='ocrx_word' id='word_1_136' title='bbox 275 1635 357 1684; x_wconf 88' lang='lat' dir='ltr'>uel</span> <span class='ocrx_word' id='word_1_137' title='bbox 395 1635 648 1685; x_wconf 89' lang='lat' dir='ltr'>matutino</span> <span class='ocrx_word' id='word_1_138' title='bbox 687 1653 787 1701; x_wconf 91' lang='lat' dir='ltr'>qua</span> <span class='ocrx_word' id='word_1_139' title='bbox 823 1636 1094 1701; x_wconf 81' lang='lat' dir='ltr'>perstrepit</span> <span class='ocrx_word' id='word_1_140' title='bbox 1130 1653 1246 1686; x_wconf 88' lang='lat' dir='ltr'>aera</span> <span class='ocrx_word' id='word_1_141' title='bbox 1281 1636 1456 1701; x_wconf 85' lang='lat' dir='ltr'>fluctu,</span> 
     </span>
     <span class='ocr_line' id='line_1_28' title="bbox 276 1704 1539 1771; baseline 0 -16"><span class='ocrx_word' id='word_1_142' title='bbox 276 1722 392 1755; x_wconf 85' lang='lat' dir='ltr'>acer</span> <span class='ocrx_word' id='word_1_143' title='bbox 430 1705 658 1755; x_wconf 89' lang='lat' dir='ltr'>Atlantei</span> <span class='ocrx_word' id='word_1_144' title='bbox 693 1705 776 1755; x_wconf 93' lang='lat' dir='ltr'>uel</span> <span class='ocrx_word' id='word_1_145' title='bbox 813 1722 913 1771; x_wconf 89' lang='lat' dir='ltr'>qua</span> <span class='ocrx_word' id='word_1_146' title='bbox 947 1704 1074 1756; x_wconf 86' lang='lat' dir='ltr'>furit</span> <span class='ocrx_word' id='word_1_147' title='bbox 1110 1706 1344 1771; x_wconf 87' lang='lat' dir='ltr'>aequoris</span> <span class='ocrx_word' id='word_1_148' title='bbox 1383 1708 1539 1756; x_wconf 86' lang='lat' dir='ltr'>aestu.</span> 
     </span>
    </p>

    <p class='ocr_par' dir='ltr' id='par_1_9' title="bbox 272 1773 1868 2191">
     <span class='ocr_line' id='line_1_29' title="bbox 345 1773 1868 1841; baseline -0.001 -16"><span class='ocrx_word' id='word_1_149' title='bbox 345 1773 483 1825; x_wconf 89' lang='lat' dir='ltr'>Nam</span> <span class='ocrx_word' id='word_1_150' title='bbox 519 1792 623 1825; x_wconf 92' lang='lat' dir='ltr'>non</span> <span class='ocrx_word' id='word_1_151' title='bbox 661 1775 926 1840; x_wconf 89' lang='lat' dir='ltr'>obscurae,</span> <span class='ocrx_word' id='word_1_152' title='bbox 964 1792 1078 1825; x_wconf 90' lang='lat' dir='ltr'>cum</span> <span class='ocrx_word' id='word_1_153' title='bbox 1114 1792 1327 1826; x_wconf 81' lang='lat' dir='ltr'>cancer</span> <span class='ocrx_word' id='word_1_154' title='bbox 1365 1777 1652 1826; x_wconf 84' lang='lat' dir='ltr'>commouet</span> <span class='ocrx_word' id='word_1_155' title='bbox 1687 1778 1868 1841; x_wconf 87' lang='lat' dir='ltr'>ortum,</span> 
     </span>
     <span class='ocr_line' id='line_1_30' title="bbox 277 1844 1467 1912; baseline 0 -17"><span class='ocrx_word' id='word_1_156' title='bbox 277 1844 478 1895; x_wconf 87' lang='lat' dir='ltr'>Oceano</span> <span class='ocrx_word' id='word_1_157' title='bbox 517 1845 696 1894; x_wconf 86' lang='lat' dir='ltr'>stellae</span> <span class='ocrx_word' id='word_1_158' title='bbox 735 1845 1196 1895; x_wconf 86' lang='lat' dir='ltr'>circumuoluentur</span> <span class='ocrx_word' id='word_1_159' title='bbox 1231 1848 1467 1912; x_wconf 86' lang='lat' dir='ltr'>utroque,</span> 
     </span>
     <span class='ocr_line' id='line_1_31' title="bbox 274 1914 1472 1980; baseline 0.003 -17"><span class='ocrx_word' id='word_1_160' title='bbox 274 1914 329 1963; x_wconf 91' lang='lat' dir='ltr'>in</span> <span class='ocrx_word' id='word_1_161' title='bbox 364 1914 499 1964; x_wconf 85' lang='lat' dir='ltr'>freta</span> <span class='ocrx_word' id='word_1_162' title='bbox 534 1915 762 1964; x_wconf 85' lang='lat' dir='ltr'>labentes</span> <span class='ocrx_word' id='word_1_163' title='bbox 802 1918 891 1965; x_wconf 89' lang='lat' dir='ltr'>aut</span> <span class='ocrx_word' id='word_1_164' title='bbox 927 1932 1054 1980; x_wconf 89' lang='lat' dir='ltr'>quae</span> <span class='ocrx_word' id='word_1_165' title='bbox 1091 1932 1146 1966; x_wconf 82' lang='lat' dir='ltr'>se</span> <span class='ocrx_word' id='word_1_166' title='bbox 1181 1933 1354 1966; x_wconf 87' lang='lat' dir='ltr'>rursus</span> <span class='ocrx_word' id='word_1_167' title='bbox 1395 1916 1472 1966; x_wconf 92' lang='lat' dir='ltr'>eoi</span> 
     </span>
     <span class='ocr_line' id='line_1_32' title="bbox 277 1984 1555 2048; baseline 0.002 -15"><span class='ocrx_word' id='word_1_168' title='bbox 277 1987 422 2048; x_wconf 87' lang='lat' dir='ltr'>parte</span> <span class='ocrx_word' id='word_1_169' title='bbox 459 1984 628 2034; x_wconf 87' lang='lat' dir='ltr'>ferunt</span> <span class='ocrx_word' id='word_1_170' title='bbox 664 1985 854 2035; x_wconf 89' lang='lat' dir='ltr'>mundi.</span> <span class='ocrx_word' id='word_1_171' title='bbox 925 1984 1129 2035; x_wconf 89' lang='lat' dir='ltr'>Minoae</span> <span class='ocrx_word' id='word_1_172' title='bbox 1167 1986 1305 2035; x_wconf 89' lang='lat' dir='ltr'>clara</span> <span class='ocrx_word' id='word_1_173' title='bbox 1342 2002 1555 2035; x_wconf 86' lang='lat' dir='ltr'>coronae</span> 
     </span>
     <span class='ocr_line' id='line_1_33' title="bbox 275 2054 1626 2121; baseline 0.001 -18"><span class='ocrx_word' id='word_1_174' title='bbox 275 2056 412 2103; x_wconf 86' lang='lat' dir='ltr'>serta</span> <span class='ocrx_word' id='word_1_175' title='bbox 449 2054 650 2119; x_wconf 83' lang='lat' dir='ltr'>cadent,</span> <span class='ocrx_word' id='word_1_176' title='bbox 689 2055 849 2104; x_wconf 87' lang='lat' dir='ltr'>austri</span> <span class='ocrx_word' id='word_1_177' title='bbox 885 2056 1033 2121; x_wconf 84' lang='lat' dir='ltr'>tergo</span> <span class='ocrx_word' id='word_1_178' title='bbox 1072 2055 1218 2106; x_wconf 89' lang='lat' dir='ltr'>cadet</span> <span class='ocrx_word' id='word_1_179' title='bbox 1253 2055 1423 2105; x_wconf 90' lang='lat' dir='ltr'>incola</span> <span class='ocrx_word' id='word_1_180' title='bbox 1458 2055 1626 2120; x_wconf 88' lang='lat' dir='ltr'>piscis.</span> 
     </span>
     <span class='ocr_line' id='line_1_34' title="bbox 272 2123 1822 2191; baseline 0.002 -19"><span class='ocrx_word' id='word_1_181' title='bbox 272 2123 408 2173; x_wconf 89' lang='grc'><strong>1111116</strong></span> <span class='ocrx_word' id='word_1_182' title='bbox 445 2124 668 2174; x_wconf 91' lang='lat' dir='ltr'>medium</span> <span class='ocrx_word' id='word_1_183' title='bbox 705 2124 925 2189; x_wconf 90' lang='lat' dir='ltr'>pendere</span> <span class='ocrx_word' id='word_1_184' title='bbox 960 2127 1133 2174; x_wconf 87' lang='lat' dir='ltr'>tamen</span> <span class='ocrx_word' id='word_1_185' title='bbox 1169 2123 1490 2191; x_wconf 90' lang='lat' dir='ltr'>mediumque</span> <span class='ocrx_word' id='word_1_186' title='bbox 1528 2124 1622 2175; x_wconf 86' lang='lat' dir='ltr'>sub</span> <span class='ocrx_word' id='word_1_187' title='bbox 1660 2124 1822 2175; x_wconf 87' lang='lat' dir='ltr'>undas</span> 
     </span>
    </p>
   </div>
   <div class='ocr_carea' id='block_1_8' title="bbox 271 2215 607 2222">
    <p class='ocr_par' dir='ltr' id='par_1_10' title="bbox 271 2215 607 2222">
     <span class='ocr_line' id='line_1_35' title="bbox 271 2215 607 2222; baseline 0 722"><span class='ocrx_word' id='word_1_188' title='bbox 271 2215 607 2222; x_wconf 95' lang='lat' dir='ltr'> </span> 
     </span>
    </p>
   </div>
   <div class='ocr_carea' id='block_1_9' title="bbox 388 2247 1865 2301">
    <p class='ocr_par' dir='ltr' id='par_1_11' title="bbox 388 2247 1865 2301">
     <span class='ocr_line' id='line_1_36' title="bbox 388 2247 1865 2301; baseline 0.001 -14"><span class='ocrx_word' id='word_1_189' title='bbox 388 2250 495 2289; x_wconf 83' lang='lat'>1056</span> <span class='ocrx_word' id='word_1_190' title='bbox 533 2260 663 2300; x_wconf 88' lang='lat' dir='ltr'>super</span> <span class='ocrx_word' id='word_1_191' title='bbox 701 2247 864 2290; x_wconf 89' lang='lat' dir='ltr'>eminet</span> <span class='ocrx_word' id='word_1_192' title='bbox 901 2249 1071 2290; x_wconf 76' lang='lat' dir='ltr'>correxi</span> <span class='ocrx_word' id='word_1_193' title='bbox 1105 2248 1399 2301; x_wconf 86' lang='lat' dir='ltr'>supereminet</span> <span class='ocrx_word' id='word_1_194' title='bbox 1443 2247 1524 2289; x_wconf 90' lang='lat' dir='ltr'>VA</span> <span class='ocrx_word' id='word_1_195' title='bbox 1649 2252 1755 2290; x_wconf 87' lang='lat'>1059</span> <span class='ocrx_word' id='word_1_196' title='bbox 1795 2261 1865 2290; x_wconf 88' lang='lat' dir='ltr'>ex-</span> 
     </span>
    </p>
   </div>
   <div class='ocr_carea' id='block_1_10' title="bbox 207 2293 1866 2346">
    <p class='ocr_par' dir='ltr' id='par_1_12' title="bbox 207 2293 1866 2346">
     <span class='ocr_line' id='line_1_37' title="bbox 207 2293 1866 2346; baseline 0.001 -2"><span class='ocrx_word' id='word_1_197' title='bbox 207 2293 214 2297; x_wconf 81' lang='grc'><strong><em>’</em></strong></span> <span class='ocrx_word' id='word_1_198' title='bbox 271 2303 427 2345; x_wconf 71' lang='lat' dir='ltr'>tulerit</span> <span class='ocrx_word' id='word_1_199' title='bbox 453 2302 498 2345; x_wconf 70' lang='lat' dir='ltr'>,A</span> <span class='ocrx_word' id='word_1_200' title='bbox 529 2302 752 2345; x_wconf 71' lang='lat' dir='ltr'>extunerit</span> <span class='ocrx_word' id='word_1_201' title='bbox 789 2303 830 2345; x_wconf 87' lang='lat' dir='ltr'><strong><em>V</em></strong></span> <span class='ocrx_word' id='word_1_202' title='bbox 896 2307 1001 2346; x_wconf 85' lang='lat'>1061</span> <span class='ocrx_word' id='word_1_203' title='bbox 1031 2304 1183 2346; x_wconf 71' lang='lat' dir='ltr'>trahat</span> <span class='ocrx_word' id='word_1_204' title='bbox 1220 2303 1262 2346; x_wconf 85' lang='lat' dir='ltr'><strong><em>V</em></strong></span> <span class='ocrx_word' id='word_1_205' title='bbox 1285 2302 1424 2346; x_wconf 74' lang='lat' dir='ltr'>trahit</span> <span class='ocrx_word' id='word_1_206' title='bbox 1451 2304 1494 2346; x_wconf 81' lang='lat' dir='ltr'><strong><em>A</em></strong></span> <span class='ocrx_word' id='word_1_207' title='bbox 1566 2307 1672 2346; x_wconf 84' lang='lat'>1066</span> <span class='ocrx_word' id='word_1_208' title='bbox 1703 2303 1866 2346; x_wconf 84' lang='lat' dir='ltr'>mundo</span> 
     </span>
    </p>
   </div>
   <div class='ocr_carea' id='block_1_11' title="bbox 271 2358 1870 2749">
    <p class='ocr_par' dir='ltr' id='par_1_13' title="bbox 271 2358 1870 2749">
     <span class='ocr_line' id='line_1_38' title="bbox 273 2358 1868 2413; baseline 0 -13"><span class='ocrx_word' id='word_1_209' title='bbox 273 2371 385 2411; x_wconf 85' lang='lat' dir='ltr'>quae</span> <span class='ocrx_word' id='word_1_210' title='bbox 415 2360 458 2400; x_wconf 99' lang='lat' dir='ltr'><strong><em>A</em></strong></span> <span class='ocrx_word' id='word_1_211' title='bbox 488 2359 695 2412; x_wconf 90' lang='lat' dir='ltr'>mundoq:</span> <span class='ocrx_word' id='word_1_212' title='bbox 735 2359 777 2399; x_wconf 95' lang='lat' dir='ltr'><strong><em>V</em></strong></span> <span class='ocrx_word' id='word_1_213' title='bbox 800 2360 815 2412; x_wconf 79' lang='grc' dir='ltr'>ΙΙ</span> <span class='ocrx_word' id='word_1_214' title='bbox 845 2358 883 2400; x_wconf 89' lang='grc'>81</span> <span class='ocrx_word' id='word_1_215' title='bbox 913 2359 1092 2402; x_wconf 70' lang='lat' dir='ltr'>Grotius</span> <span class='ocrx_word' id='word_1_216' title='bbox 1120 2361 1181 2402; x_wconf 90' lang='grc'>816</span> <span class='ocrx_word' id='word_1_217' title='bbox 1220 2359 1300 2402; x_wconf 91' lang='lat' dir='ltr'>VA</span> <span class='ocrx_word' id='word_1_218' title='bbox 1417 2363 1522 2402; x_wconf 90' lang='grc'><strong>1067</strong></span> <span class='ocrx_word' id='word_1_219' title='bbox 1554 2372 1653 2401; x_wconf 86' lang='grc'><strong>611111</strong></span> <span class='ocrx_word' id='word_1_220' title='bbox 1683 2361 1868 2413; x_wconf 86' lang='lat' dir='ltr'>surgunt</span> 
     </span>
     <span class='ocr_line' id='line_1_39' title="bbox 272 2415 1864 2469; baseline 0 -13"><span class='ocrx_word' id='word_1_221' title='bbox 272 2415 428 2468; x_wconf 73' lang='lat' dir='ltr'>scripsi</span> <span class='ocrx_word' id='word_1_222' title='bbox 450 2417 718 2469; x_wconf 87' lang='lat' dir='ltr'>consurgunt</span> <span class='ocrx_word' id='word_1_223' title='bbox 748 2415 829 2456; x_wconf 91' lang='lat' dir='ltr'>VA</span> <span class='ocrx_word' id='word_1_224' title='bbox 853 2416 906 2467; x_wconf 79' lang='lat' dir='ltr'>cf.</span> <span class='ocrx_word' id='word_1_225' title='bbox 927 2416 1104 2458; x_wconf 82' lang='lat' dir='ltr'>Hermes</span> <span class='ocrx_word' id='word_1_226' title='bbox 1129 2416 1178 2457; x_wconf 91' lang='lat' dir='ltr'><strong>X</strong></span> <span class='ocrx_word' id='word_1_227' title='bbox 1186 2415 1228 2458; x_wconf 85' lang='lat' dir='ltr'><strong><em>V</em></strong></span> <span class='ocrx_word' id='word_1_228' title='bbox 1237 2429 1285 2469; x_wconf 77' lang='lat' dir='ltr'>p.</span> <span class='ocrx_word' id='word_1_229' title='bbox 1309 2418 1398 2458; x_wconf 83' lang='lat'>185</span> <span class='ocrx_word' id='word_1_230' title='bbox 1425 2428 1469 2457; x_wconf 74' lang='lat' dir='ltr'>n.</span> <span class='ocrx_word' id='word_1_231' title='bbox 1493 2419 1550 2458; x_wconf 88' lang='grc'><strong>60</strong></span> <span class='ocrx_word' id='word_1_232' title='bbox 1610 2419 1717 2457; x_wconf 87' lang='grc'><strong>1068</strong></span> <span class='ocrx_word' id='word_1_233' title='bbox 1740 2427 1864 2468; x_wconf 87' lang='lat' dir='ltr'>prae-</span> 
     </span>
     <span class='ocr_line' id='line_1_40' title="bbox 272 2470 1867 2525; baseline 0.001 -13"><span class='ocrx_word' id='word_1_234' title='bbox 272 2472 480 2523; x_wconf 79' lang='lat' dir='ltr'>textaque</span> <span class='ocrx_word' id='word_1_235' title='bbox 517 2472 674 2525; x_wconf 75' lang='lat' dir='ltr'>scripsi</span> <span class='ocrx_word' id='word_1_236' title='bbox 707 2471 1027 2524; x_wconf 86' lang='lat' dir='ltr'>praetentaque</span> <span class='ocrx_word' id='word_1_237' title='bbox 1072 2472 1153 2513; x_wconf 91' lang='lat' dir='ltr'>VA</span> <span class='ocrx_word' id='word_1_238' title='bbox 1287 2476 1394 2513; x_wconf 83' lang='lat'>1069</span> <span class='ocrx_word' id='word_1_239' title='bbox 1431 2470 1530 2512; x_wconf 88' lang='lat' dir='ltr'>aliis</span> <span class='ocrx_word' id='word_1_240' title='bbox 1566 2484 1591 2512; x_wconf 82' lang='lat' dir='ltr'><strong><em>v</em></strong></span> <span class='ocrx_word' id='word_1_241' title='bbox 1628 2470 1707 2513; x_wconf 86' lang='lat' dir='ltr'>alii</span> <span class='ocrx_word' id='word_1_242' title='bbox 1751 2471 1830 2512; x_wconf 91' lang='lat' dir='ltr'>VA</span> <span class='ocrx_word' id='word_1_243' title='bbox 1846 2484 1867 2513; x_wconf 86' lang='lat' dir='ltr'>e</span> 
     </span>
     <span class='ocr_line' id='line_1_41' title="bbox 274 2526 1867 2584; baseline 0 -17"><span class='ocrx_word' id='word_1_244' title='bbox 274 2530 382 2567; x_wconf 89' lang='grc'><strong>1070</strong></span> <span class='ocrx_word' id='word_1_245' title='bbox 418 2539 598 2569; x_wconf 86' lang='grc'><strong>11086616</strong></span> <span class='ocrx_word' id='word_1_246' title='bbox 645 2526 687 2568; x_wconf 92' lang='lat' dir='ltr'><strong><em>V</em></strong></span> <span class='ocrx_word' id='word_1_247' title='bbox 718 2539 892 2569; x_wconf 88' lang='grc'><strong>11088616</strong></span> <span class='ocrx_word' id='word_1_248' title='bbox 928 2528 971 2568; x_wconf 91' lang='lat' dir='ltr'><strong><em>A</em></strong></span> <span class='ocrx_word' id='word_1_249' title='bbox 1008 2528 1022 2580; x_wconf 85' lang='grc' dir='ltr'>ΙΙ</span> <span class='ocrx_word' id='word_1_250' title='bbox 1058 2526 1340 2581; x_wconf 85' lang='lat' dir='ltr'>deprenderis</span> <span class='ocrx_word' id='word_1_251' title='bbox 1382 2527 1425 2568; x_wconf 90' lang='lat' dir='ltr'><strong><em>V</em></strong></span> <span class='ocrx_word' id='word_1_252' title='bbox 1455 2526 1794 2584; x_wconf 67' lang='lat' dir='ltr'>deprehenderis</span> <span class='ocrx_word' id='word_1_253' title='bbox 1822 2526 1867 2567; x_wconf 91' lang='lat' dir='ltr'><strong><em>A</em></strong></span> 
     </span>
     <span class='ocr_line' id='line_1_42' title="bbox 275 2582 1867 2626; baseline 0 -3"><span class='ocrx_word' id='word_1_254' title='bbox 275 2585 381 2624; x_wconf 87' lang='grc'><strong>1075</strong></span> <span class='ocrx_word' id='word_1_255' title='bbox 412 2595 516 2624; x_wconf 84' lang='lat' dir='ltr'>aera</span> <span class='ocrx_word' id='word_1_256' title='bbox 543 2582 588 2623; x_wconf 92' lang='lat' dir='ltr'><strong><em>A</em></strong></span> <span class='ocrx_word' id='word_1_257' title='bbox 617 2595 716 2625; x_wconf 89' lang='lat' dir='ltr'>aere</span> <span class='ocrx_word' id='word_1_258' title='bbox 754 2582 796 2624; x_wconf 91' lang='lat' dir='ltr'><strong><em>V</em></strong></span> <span class='ocrx_word' id='word_1_259' title='bbox 870 2587 977 2626; x_wconf 89' lang='grc'><strong>1077</strong></span> <span class='ocrx_word' id='word_1_260' title='bbox 1009 2583 1218 2625; x_wconf 87' lang='lat' dir='ltr'>obscurae</span> <span class='ocrx_word' id='word_1_261' title='bbox 1256 2583 1298 2625; x_wconf 93' lang='lat' dir='ltr'><strong><em>V</em></strong></span> <span class='ocrx_word' id='word_1_262' title='bbox 1323 2583 1504 2626; x_wconf 84' lang='lat' dir='ltr'>obscure</span> <span class='ocrx_word' id='word_1_263' title='bbox 1534 2585 1577 2624; x_wconf 93' lang='lat' dir='ltr'><strong><em>A</em></strong></span> <span class='ocrx_word' id='word_1_264' title='bbox 1651 2586 1758 2624; x_wconf 87' lang='grc'><strong>1079</strong></span> <span class='ocrx_word' id='word_1_265' title='bbox 1789 2584 1867 2623; x_wconf 88' lang='lat' dir='ltr'>aut</span> 
     </span>
     <span class='ocr_line' id='line_1_43' title="bbox 273 2637 1866 2692; baseline -0.001 -13"><span class='ocrx_word' id='word_1_266' title='bbox 273 2650 386 2690; x_wconf 89' lang='lat' dir='ltr'>quae</span> <span class='ocrx_word' id='word_1_267' title='bbox 401 2638 443 2679; x_wconf 92' lang='lat' dir='ltr'><strong><em>A</em></strong></span> <span class='ocrx_word' id='word_1_268' title='bbox 460 2640 579 2691; x_wconf 85' lang='lat' dir='ltr'>autq:</span> <span class='ocrx_word' id='word_1_269' title='bbox 605 2638 647 2680; x_wconf 92' lang='lat' dir='ltr'><strong><em>V</em></strong></span> <span class='ocrx_word' id='word_1_270' title='bbox 670 2640 685 2692; x_wconf 75' lang='lat' dir='ltr'>fl</span> <span class='ocrx_word' id='word_1_271' title='bbox 715 2651 761 2680; x_wconf 87' lang='lat' dir='ltr'>se</span> <span class='ocrx_word' id='word_1_272' title='bbox 783 2639 956 2681; x_wconf 82' lang='lat' dir='ltr'>addidit</span> <span class='ocrx_word' id='word_1_273' title='bbox 972 2639 1150 2682; x_wconf 78' lang='lat' dir='ltr'>Grotius</span> <span class='ocrx_word' id='word_1_274' title='bbox 1164 2651 1242 2681; x_wconf 87' lang='lat' dir='ltr'>om.</span> <span class='ocrx_word' id='word_1_275' title='bbox 1267 2638 1378 2680; x_wconf 89' lang='lat' dir='ltr'>VAe</span> <span class='ocrx_word' id='word_1_276' title='bbox 1436 2642 1545 2681; x_wconf 88' lang='lat'>1080</span> <span class='ocrx_word' id='word_1_277' title='bbox 1560 2638 1732 2681; x_wconf 86' lang='lat' dir='ltr'>Minoae</span> <span class='ocrx_word' id='word_1_278' title='bbox 1749 2637 1866 2679; x_wconf 88' lang='lat' dir='ltr'>clara</span> 
     </span>
     <span class='ocr_line' id='line_1_44' title="bbox 271 2692 1870 2749; baseline 0.001 -16"><span class='ocrx_word' id='word_1_279' title='bbox 271 2694 314 2734; x_wconf 88' lang='lat' dir='ltr'><strong><em>A</em></strong></span> <span class='ocrx_word' id='word_1_280' title='bbox 338 2693 524 2736; x_wconf 87' lang='lat' dir='ltr'>mi-noezi</span> <span class='ocrx_word' id='word_1_281' title='bbox 545 2694 720 2737; x_wconf 83' lang='lat' dir='ltr'>aeclara</span> <span class='ocrx_word' id='word_1_282' title='bbox 750 2693 792 2735; x_wconf 91' lang='lat' dir='ltr'><strong><em>V</em></strong></span> <span class='ocrx_word' id='word_1_283' title='bbox 848 2699 953 2737; x_wconf 88' lang='lat'>1081</span> <span class='ocrx_word' id='word_1_284' title='bbox 976 2697 1101 2749; x_wconf 84' lang='lat' dir='ltr'>tergo</span> <span class='ocrx_word' id='word_1_285' title='bbox 1122 2707 1148 2737; x_wconf 81' lang='lat' dir='ltr'><em>v</em></span> <span class='ocrx_word' id='word_1_286' title='bbox 1171 2707 1277 2749; x_wconf 87' lang='lat' dir='ltr'>ergo</span> <span class='ocrx_word' id='word_1_287' title='bbox 1305 2694 1420 2737; x_wconf 88' lang='lat' dir='ltr'>VAe</span> <span class='ocrx_word' id='word_1_288' title='bbox 1441 2696 1456 2748; x_wconf 82' lang='grc' dir='ltr'>ΙΙ</span> <span class='ocrx_word' id='word_1_289' title='bbox 1477 2694 1664 2738; x_wconf 87' lang='lat' dir='ltr'>cadetA</span> <span class='ocrx_word' id='word_1_290' title='bbox 1687 2692 1795 2736; x_wconf 86' lang='lat' dir='ltr'>cade</span> <span class='ocrx_word' id='word_1_291' title='bbox 1828 2693 1870 2734; x_wconf 93' lang='lat' dir='ltr'><strong><em>V</em></strong></span> 
     </span>
    </p>
   </div>
  </div>
 </body>
</html>
