1916 2944
69 464 148 502 825

71 811 151 851 830

0 1174 5 1207 ξς
73 1158 154 1197 835

76 1505 156 1543 840

78 1852 158 1890 845

807 125 1151 176 ..35-

177 238 419 306 languida
454 254 548 288 nec
584 239 722 288 certo
760 238 854 288 sub
890 236 1095 287 nomine
1133 237 1317 286 cuncta
1351 233 1596 284 feruntur.

248 307 398 359 Ultra
436 307 624 358 saetosi
660 324 860 357 rursum
898 306 1117 371 speciem
1155 304 1457 370 capricorni,

180 378 401 430 cardinis
438 377 647 427 inmersi
685 394 785 443 qua
821 379 939 426 sunt
977 375 1220 426 australia
1256 374 1437 436 flabra,

179 449 231 498 in
268 447 470 513 pistrim
505 446 798 510 horrificam
834 462 1108 496 conuersus
1145 444 1342 494 uiscera
1377 441 1533 507 piscis

182 517 492 567 subuehitur.
563 516 800 566 notium
837 518 987 565 uocat
1022 515 1178 564 istum
1216 512 1428 563 Graecia
1463 511 1705 575 piscem.

182 587 358 637 stellae
397 586 526 635 aliae
563 585 773 651 mundo,
810 602 910 650 qua
945 584 1155 649 pulcher
1192 582 1429 648 aquarius
1465 581 1627 630 instat

182 659 233 706 et
270 673 370 721 qua
407 656 615 705 cristato
654 654 917 720 consurgit
951 654 1101 704 belua
1138 654 1288 703 dorso

182 743 340 791 usque
379 726 472 775 sub
513 725 637 774 aerii
673 724 939 774 rutilantia
977 723 1144 773 sidera
1179 721 1361 788 piscis,

184 798 303 845 sunt
340 795 534 844 mediae
570 794 826 858 flammae,
864 793 1052 843 sterilis
1090 809 1148 842 ac
1185 791 1313 842 lucis
1351 804 1564 856 egenae,

182 882 303 914 110111
339 865 531 929 passim
566 864 731 929 ignoti
767 863 878 913 uice
915 861 1058 928 uulgi
1096 863 1256 911 semet
1292 861 1347 909 in
1384 857 1616 909 aethram

182 935 478 1000 protollunt.
551 933 782 982 dextram
821 932 908 982 sed
943 934 1146 982 tantum
1183 932 1394 995 propter
1430 926 1635 992 ephebi,

182 1004 365 1068 pocula
404 1019 552 1069 quem
589 1003 764 1051 diuum
801 1002 988 1051 mensis
1028 1003 1229 1067 gestare
1265 999 1566 1064 loquuntur,

184 1073 335 1122 efflua
372 1090 424 1122 se
463 1072 653 1137 species
691 1071 996 1136 liquidarum
1032 1070 1200 1120 fundit
1236 1085 1481 1133 aquarum

186 1142 348 1207 partis
384 1142 439 1191 in
477 1142 722 1208 geminas.
793 1141 882 1189 lux
917 1139 1023 1189 illic
1060 1140 1197 1189 clara
1233 1138 1428 1187 duabus

186 1214 264 1262 est
301 1212 467 1261 solum
502 1211 714 1261 facibus.
784 1227 890 1260 non
924 1209 1050 1258 haec
1087 1208 1312 1274 spatiosa
1347 1223 1440 1271 per
1476 1205 1707 1256 aethram

186 1281 457 1331 interualla
492 1283 670 1330 tenent
705 1296 868 1345 neque
904 1280 1075 1328 lumen
1110 1277 1301 1328 lumine
1338 1276 1469 1326 forte

187 1350 464 1401 conlidunt.
536 1350 622 1399 alii
660 1348 942 1414 Phrygium
977 1365 1096 1398 nam
1135 1347 1309 1396 subter
1346 1345 1599 1410 ephebum

187 1420 330 1469 ardet
367 1436 514 1484 apex,
553 1418 661 1483 alii,
699 1435 798 1482 qua
835 1434 1043 1467 0111110111
1078 1417 1231 1466 belua
1268 1415 1481 1465 caudam

185 1489 449 1553 terminat,
485 1488 702 1554 insignis
741 1488 846 1536 late
883 1487 1108 1536 uomitur
1145 1485 1328 1551 globus
1365 1484 1517 1550 ignis.

188 1559 380 1609 cunctis
418 1575 604 1607 nomen
634 1574 787 1621 aqua
816 1559 906 1606 est.
967 1556 1089 1621 quin
1119 1555 1298 1605 stellae
1328 1553 1542 1619 denique
1572 1555 1783 1619 propter

188 1645 278 1678 ora
315 1627 625 1693 sagittigeri,
662 1644 762 1691 qua
799 1643 851 1675 se
889 1625 1110 1690 uestigia
1145 1624 1307 1689 prima

188 1697 472 1763 cornipedis
511 1696 774 1760 simulant,
811 1694 1280 1745 circumuoluuntur
1317 1691 1559 1758 Olympo,

189 1767 301 1833 quis
338 1767 447 1816 face
486 1766 580 1816 sub
618 1765 761 1815 tenui
796 1765 1096 1814 tenebrosus
1133 1765 1357 1812 marceat
1392 1762 1542 1828 ignis.

258 1836 389 1887 Ecce
426 1838 708 1886 uenenatae
748 1852 847 1900 qua
884 1834 1113 1898 scorpius
1153 1833 1353 1898 agmine
1391 1831 1580 1881 caudae

188 1906 437 1972 plurimus
476 1905 691 1970 erigitur
726 1903 1053 1969 tepidumque
1092 1919 1241 1967 super
1278 1901 1435 1951 micat
1472 1903 1721 1966 austrum,

189 1976 434 2042 paruulus
470 1975 556 2024 hic
594 1992 756 2024 aram
793 1974 932 2023 locus
971 1972 1220 2037 exprimit.
1290 1971 1423 2021 hanc
1462 1970 1588 2020 satis
1627 1973 1739 2020 arto

190 2050 416 2110 tempore
455 2044 698 2108 suspicies
736 2043 924 2092 mundo
960 2042 1205 2092 rutilante
1242 2041 1436 2090 referri.

190 2132 309 2164 nam
346 2115 516 2179 polus,
553 2114 768 2163 aduerso
807 2113 893 2178 qui
929 2112 1130 2162 tollitur
1168 2127 1259 2161 axe
1295 2109 1496 2175 Bootis,

304 2297 385 2335 822
418 2292 617 2334 feruntur
646 2290 689 2333 A
718 2291 786 2333 101
823 2289 866 2331 V
919 2294 999 2332 828
1032 2289 1157 2331 dorso
1186 2288 1229 2330 A
1260 2289 1391 2330 dorsu
1429 2287 1470 2329 V
1525 2291 1604 2329 837
1635 2289 1789 2330 tenent

202 2349 242 2391 V
260 2351 360 2392 tene
385 2350 426 2390 A
448 2350 463 2402 ΙΙ
485 2347 648 2389 lumine
679 2347 790 2388 forte
819 2359 844 2387 v
873 2345 1023 2387 ubiuia
1051 2345 1172 2387 fonte
1204 2344 1245 2386 V
1270 2344 1402 2386 obuia
1424 2343 1544 2386 fonte
1567 2342 1611 2384 A
1633 2343 1787 2386 uotiua

193 2405 315 2447 fonte
343 2418 363 2447 e
479 2408 560 2446 838
599 2402 676 2444 alii
713 2402 795 2443 VA
827 2401 903 2442 uni
934 2401 1113 2442 Grotius
1140 2401 1194 2452 cf.
1226 2399 1403 2442 Hermes
1435 2399 1533 2440 XV
1551 2412 1599 2452 p.
1629 2402 1714 2441 187
1742 2412 1786 2441 n.

196 2465 251 2503 66
310 2464 388 2502 841
421 2459 589 2502 cunctis
611 2472 635 2500 v
666 2457 812 2499 cuncti
844 2456 953 2498 VAe
974 2458 988 2509 ΙΙ
1011 2469 1127 2509 aqua
1159 2456 1198 2496 V
1219 2468 1332 2512 aque
1355 2455 1398 2497 A
1420 2456 1434 2508 ΙΙ
1457 2456 1525 2496 est
1554 2454 1596 2496 V
1614 2467 1692 2496 om.
1716 2455 1759 2495 A
1775 2455 1789 2509 ΙΙ

195 2515 300 2569 quin
331 2515 562 2559 Schraderi
598 2513 923 2556 commentarius
951 2513 1094 2554 Berol.
1126 2511 1179 2564 cf.
1211 2512 1388 2553 Hermes
1428 2510 1525 2551 XV
1550 2523 1597 2564 p.
1629 2513 1715 2553 187
1743 2523 1786 2552 sn.

196 2575 253 2614 67
296 2571 371 2623 qui
406 2571 453 2612 in
495 2570 574 2612 VA
689 2583 731 2611 u.
770 2572 854 2611 845
890 2568 1144 2610 inscribitur
1181 2565 1299 2608 ARA
1344 2566 1426 2608 VA
1539 2570 1620 2607 846
1660 2578 1790 2619 super

195 2627 332 2669 micat
360 2627 403 2668 A
433 2626 726 2680 supermicata
764 2625 805 2666 V
870 2627 950 2666 847
980 2624 1095 2665 hanc
1126 2622 1304 2666 Grotius
1332 2622 1417 2665 hoo
1456 2621 1537 2664 VA
1602 2625 1683 2663 849
1715 2621 1789 2674 qui

202 2682 282 2725 VA
312 2682 365 2735 cf.
397 2682 574 2725 Hermes
606 2681 704 2723 XV
723 2694 766 2735 p.
800 2683 884 2722 187
914 2693 955 2722 η.
987 2682 1045 2722 68

1396 2746 1453 2788 3*
