1916 2944
140 237 197 281 u.'
225 229 327 280 675
373 245 549 293 expers
595 245 831 278 caesurae
877 231 968 279 est.
1040 229 1095 278 in
1131 228 1341 294 reliquis
1378 230 1554 278 tamen
1590 229 1740 279 rebus

139 312 357 366 prorsus·
399 298 501 347 alia
553 301 630 348 est
684 298 911 349 condicio
963 298 1085 348 libri
1128 298 1316 348 Aldini.
1395 315 1560 364 neque
1606 298 1741 348 enim

141 368 365 420 dubitari
403 367 566 433 debet,
605 368 729 433 quin
760 368 846 418 ille
879 368 1263 418 emendatorum
1293 385 1475 418 manus
1507 371 1741 433 expertus

142 439 212 490 sit
268 436 351 505 (cf.
395 437 610 487 Hermes
654 437 754 487 XII
805 456 853 503 p.
901 438 1002 488 155
1049 456 1097 488 n.
1141 438 1208 488 22
1252 455 1300 502 p.
1351 437 1446 488 157
1493 455 1541 490 n.
1580 437 1648 488 25
1693 441 1744 488 et

141 525 311 575 progr.
347 507 457 557 Erf.
494 526 543 572 p.
578 507 652 557 VI
678 505 788 575 sq.).

281 577 456 626 Etiam
507 577 851 627 emendatiora
898 577 1055 627 uerba
1097 579 1278 642 poetae
1321 577 1599 627 reddidisse
1646 577 1744 627 sibi

141 649 283 698 uisus
315 650 393 697 est
422 646 712 697 Ioachimus
743 647 1027 712 Perionius,
1056 647 1142 712 qui
1173 645 1423 713 ‘Vergilii,
1457 645 1745 697 Germanici

144 717 377 768 Caesaris
409 719 459 766 et
480 716 598 766 Rufi
621 717 808 767 Auieni
840 717 1078 780 carmina,
1107 717 1171 767 iis
1201 716 1561 781 respondentia
1582 715 1744 780 Arati,

149 805 276 853 quae
301 805 331 837 a
351 786 591 837 Cicerone
615 804 862 837 conuersa
883 785 1266 836 interciderunt?
1292 803 1426 836 anno
1443 785 1745 835 MDXXXX

147 858 358 907 Parisiis
391 857 669 906 emittenda
698 857 911 906 curauit.
975 856 1115 906 cuius
1146 856 1388 906 lectiones
1420 872 1534 905 cum
1565 856 1627 905 ab
1656 855 1747 905 Al-

150 928 280 977 dinis
320 943 471 991 saepe
502 926 778 991 discedant,
815 929 926 976 tum
956 925 1260 991 aliquotiens
1295 928 1603 989 concrepant
1632 942 1746 975 cum

150 997 320 1048 codice
357 995 721 1060 Ambrosiano,
766 996 909 1045 uelut
943 1013 991 1046 u.
1032 996 1167 1045 1664
1205 998 1255 1044 et
1290 995 1343 1044 in
1387 995 1484 1044 hoc
1528 995 1659 1044 libro
1698 998 1748 1044 et

151 1067 285 1132 apud
307 1066 601 1116 Perionium
632 1069 709 1116 est
740 1083 972 1116 saeuus.
1031 1082 1194 1130 neque
1223 1067 1395 1115 tamen
1421 1065 1508 1113 ille
1531 1065 1748 1114 multum

150 1136 375 1201 perfecit.
455 1136 636 1185 melius
686 1139 855 1186 autem
899 1135 1100 1185 Auieno
1154 1135 1411 1185 consuluit
1463 1133 1746 1184 Guilelmus

151 1205 408 1270 Morelius‚
444 1207 529 1270 qui
568 1223 701 1255 anno
732 1204 1033 1255 MDLVIIII
1063 1205 1284 1269 primum
1314 1203 1502 1253 Auieni
1532 1204 1749 1254 Aratum

153 1293 264 1328 cum
305 1275 467 1325 Arato
505 1275 616 1340 ipso
645 1275 856 1324 Parisiis
895 1274 1106 1325 excudit.
1165 1274 1270 1323 eius
1300 1274 1532 1338 uestigiis
1562 1272 1751 1322 institit

154 1345 448 1395 Theodorus
487 1343 845 1409 Graminaeus,
882 1345 1025 1394 cuius
1062 1344 1192 1394 liber
1230 1360 1362 1393 anno
1400 1341 1751 1392 MDLXVIIII

154 1413 395 1466 Coloniae
431 1414 623 1480 prodiit
653 1412 736 1481 (cf.
765 1414 944 1478 Buhle,
981 1414 1122 1463 Arat.
1153 1413 1179 1461 I
1209 1430 1256 1477 p.
1286 1410 1471 1478 XXII).
1530 1412 1752 1462 Manutii

155 1488 325 1534 autem
363 1488 414 1534 et
442 1483 642 1534 Morelii
680 1501 835 1548 opera
872 1501 1000 1549 quae
1037 1484 1092 1532 in
1122 1483 1324 1532 Arateis
1363 1484 1509 1532 erant
1538 1484 1750 1547 mutata,

97 1595 100 1599 .
154 1572 214 1604 ea
250 1554 357 1604 fere
396 1555 568 1604 omnia
605 1554 669 1604 ab
701 1554 950 1619 omnibus,
988 1570 1116 1619 quae
1146 1555 1327 1618 postea
1355 1552 1446 1601 illa
1476 1551 1752 1617 ediderunt,

156 1627 276 1674 sunt
311 1627 529 1689 recepta.
590 1624 663 1674 sic
692 1624 903 1689 uulgata
933 1623 1181 1688 quaedam
1211 1622 1461 1687 poematis
1492 1621 1751 1686 memoria,

155 1712 268 1745 cum
304 1694 510 1744 illorum
544 1694 770 1743 uirorum
800 1693 978 1743 studiis
1010 1696 1123 1742 orta
1153 1695 1300 1756 esset,
1335 1708 1495 1757 usque
1526 1691 1590 1740 ad
1618 1690 1752 1741 hanc

156 1766 375 1813 aetatem
405 1766 693 1829 propagata
721 1766 813 1812 est.
861 1781 890 1812 a
914 1780 1013 1828 qua
1036 1763 1122 1827 qui
1146 1779 1276 1812 anno
1299 1759 1753 1811 MDLXXXVIIII

155 1833 429 1883 editionem
453 1831 918 1883 Sanctandreanam
943 1832 1222 1895 exornauit,
1244 1832 1348 1881 iam
1370 1848 1475 1881 non
1499 1830 1754 1881 abhorret.

152 1920 216 1952 ne
242 1902 450 1953 Grotius
482 1903 685 1968 quidem
716 1903 854 1952 aliud
883 1902 1272 1952 fundamentum
1301 1900 1554 1965 poematis
1584 1916 1751 1949 emen-

155 1973 309 2023 dandi
339 1990 527 2038 ponere
560 1973 766 2022 studuit.
826 1989 1136 2038 quamquam
1166 1972 1319 2021 homo
1343 1971 1429 2020 ille
1452 1970 1750 2035 ingeniosus

156 2041 259 2092 ‘uix
303 2045 499 2092 sextam
545 2059 776 2108 egressus
817 2040 1097 2091 trieterida'
1135 2041 1390 2090 Auienum
1428 2038 1753 2105 Syntagmati

157 2129 262 2176 suo,
299 2112 434 2178 quod
471 2129 603 2162 anno
636 2110 780 2163 MDC
810 2110 1048 2177 Lugduni
1078 2109 1392 2160 Batauorum
1428 2109 1568 2159 foras
1602 2109 1753 2174 dedit,

155 2181 449 2231 adiunctum
495 2182 617 2232 adeo
664 2181 868 2231 ornauit
911 2184 1062 2246 atque
1107 2180 1371 2245 expoliuit,
1415 2182 1474 2229 ut
1514 2179 1601 2244 qui
1637 2182 1755 2243 post

155 2251 300 2301 illum
331 2252 537 2302 Arateis
576 2269 783 2317 operam
819 2251 1082 2301 nauabant
1118 2267 1245 2315 quae
1278 2249 1487 2300 Grotius
1519 2248 1754 2298 emenda-

155 2324 301 2371 uerat
349 2322 614 2387 repetiisse
668 2322 793 2371 satis
844 2320 1106 2370 haberent.
1192 2320 1243 2369 id
1293 2320 1524 2369 fecerunt
1573 2317 1754 2367 Petrus

156 2389 346 2440 Melian
379 2389 445 2457 (a.
474 2389 882 2456 MDCXXXIV),
919 2389 1134 2439 Ioannes
1165 2389 1331 2439 Buhle
1362 2386 1430 2456 (a.
1458 2385 1755 2454 MDCCCI),

158 2459 214 2510 F.
245 2458 298 2510 C.
328 2460 579 2510 Matthiae
617 2460 684 2527 (a.
713 2457 1136 2525 MDCCCXVII)‚
1175 2476 1391 2524 quorum
1429 2457 1489 2508 de
1525 2457 1756 2507 editioni-

157 2530 254 2579 bus
304 2547 468 2595 nuper
511 2530 842 2580 disseruimus
887 2529 969 2593 (cf.
1015 2545 1188 2595 progr.
1231 2528 1339 2578 Erf.
1383 2546 1430 2593 p.
1468 2524 1632 2593 VIII).
1705 2529 1759 2576 at

159 2600 322 2650 multo
354 2600 470 2665 plus
500 2601 772 2651 ualuerunt
803 2599 866 2649 ad
889 2599 1144 2648 Auienum
1167 2597 1534 2648 restituendum
1558 2596 1754 2646 Nicolai

160 2668 359 2721 Heinsii
405 2671 807 2734 emendationes,
852 2685 979 2734 quae
1018 2667 1341 2734 Syntagmati
1380 2666 1627 2717 Grotiano
1674 2666 1757 2716 ad-
