1916 2944
857 153 1173 187 —X—

215 251 374 301 iectae
433 251 484 300 in
540 250 853 300 bibliotheca
909 249 1073 315 Regia
1130 250 1483 300 uniuersitatis
1536 247 1814 300 litterariae

215 319 569 386 Gottingensis
615 319 972 388 adseruantur*²
1017 322 1068 368 et
1110 318 1320 369 Ioannis
1363 318 1629 370 Schraderi
1681 336 1814 370 com·
1911 335 1916 349 ⁴

214 391 493 440 mentarius
532 389 880 440 Berolinensis
919 387 1002 456 (cf.
1039 388 1255 439 Hermes
1289 388 1455 455 XVp
1460 390 1609 440 .183
1646 407 1695 440 n.
1725 389 1814 456 54)

216 462 266 509 et
301 459 512 509 Ioannis
553 459 891 510 Schaubachii
928 458 1119 508 Aratea
1156 457 1440 523 Lipsiensia
1484 457 1569 527 (cf.
1609 458 1815 510 Germa-

212 529 315 579 nici
352 529 543 579 Aratea
579 548 627 594 p.
663 528 837 579 XXIX
875 531 925 578 et
962 545 1132 594 progr.
1169 528 1277 579 Erf.
1313 547 1361 593 p.
1397 527 1562 596 VIII).

352 598 429 649 Ac
482 599 542 649 de
589 600 837 650 librorum
889 616 1044 648 manu
1089 598 1393 663 scriptorum
1437 602 1488 648 et
1532 599 1813 649 editionum

211 667 527 719 Venetarum
558 670 860 720 auctoritate
891 671 943 718 et
969 667 1274 734 cognatione
1299 669 1371 718 sic
1392 669 1581 718 iudico:
1611 670 1811 719 saeculo

209 755 345 789 nono
392 742 480 788 aut
525 740 717 789 decimo
757 738 1022 803 archetypi
1058 737 1364 787 Arateorum
1401 738 1559 788 fuisse
1598 755 1812 804 apogra-

209 808 366 874 phon,
404 808 460 858 in
497 826 595 875 quo
635 811 686 858 et
715 826 892 858 uersus
923 808 1001 858 illi
1030 810 1133 857 tres
1165 809 1282 872 270,
1321 808 1436 873 570,
1478 808 1610 857 1079
1643 812 1813 859 essent

209 878 379 928 mutili
416 881 467 927 et
502 897 548 928 u.
581 879 683 929 675
717 878 1086 928 desideraretur
1115 895 1338 928 caesura.
1398 877 1581 943 quibus
1613 878 1808 929 mendis

210 965 324 998 cum
361 948 778 999 Vindobonensis
825 951 876 997 et
918 950 1119 1012 praeter
1164 964 1426 997 caesuram
1463 966 1509 997 u.
1549 947 1651 997 675
1689 947 1811 998 Am-

208 1018 479 1068 brosianus
536 1021 687 1083 atque
739 1017 989 1068 editiones
1040 1016 1268 1067 Venetae
1319 1018 1509 1082 pariter
1561 1017 1809 1083 laborent,

209 1087 368 1137 libros
406 1090 611 1138 nostros
651 1105 827 1138 omnes
867 1088 930 1137 ab
966 1088 1054 1137 illo
1087 1087 1382 1153 apographo
1411 1087 1667 1151 profectos
1699 1104 1810 1137 esse

209 1174 416 1207 necesse
441 1161 531 1224 est.
569 1175 630 1207 ex
654 1175 752 1223 quo
777 1158 1031 1222 descripta
1056 1174 1164 1206 esse
1190 1157 1418 1221 suspicor
1441 1157 1539 1206 duo
1563 1157 1810 1222 exempla,

209 1244 424 1292 quorum
475 1245 633 1278 unum
685 1227 784 1277 fuit
826 1228 1053 1292 plenum,
1107 1227 1320 1276 alterum
1364 1226 1669 1276 mutilatum.
1750 1243 1811 1276 ex

207 1297 297 1346 illo
341 1300 494 1347 natae
542 1301 661 1348 sunt
706 1297 912 1363 Georgii
957 1297 1138 1347 Vallae
1183 1300 1234 1346 et
1277 1295 1398 1346 Aldi
1441 1295 1662 1346 Manutii
1706 1297 1809 1346 edi-

207 1367 397 1432 tiones,
443 1385 502 1416 ex
539 1367 637 1418 hoc
673 1366 792 1416 libri
830 1384 984 1416 manu
1022 1367 1231 1416 exarati.
1302 1367 1405 1415 iam
1441 1383 1561 1416 uero
1601 1369 1651 1415 et
1686 1366 1809 1415 Am-

206 1436 475 1487 brosianus
515 1454 544 1486 a
581 1437 968 1487 Vindobonensi
1005 1439 1055 1485 et
1088 1435 1275 1485 Aldina
1314 1454 1342 1485 a
1379 1436 1547 1501 priore
1585 1435 1807 1486 editione

208 1508 410 1556 tantum
447 1506 619 1572 distat,
657 1510 714 1556 ut
750 1507 883 1556 inter
919 1506 1148 1571 exempla
1184 1506 1286 1567 illa,
1325 1522 1385 1554 ex
1422 1505 1604 1571 quibus
1635 1523 1808 1556 mana-

208 1579 407 1643 uerunt,
444 1579 495 1626 et
531 1577 691 1627 libros
728 1577 868 1641 ipsos
908 1577 1010 1627 alia
1047 1576 1281 1640 exempla
1311 1576 1457 1641 quasi
1487 1575 1672 1642 gradus
1703 1593 1809 1626 non

205 1646 410 1710 possint
452 1663 558 1696 non
601 1646 868 1696 interiecta
912 1646 1072 1696 fuisse
1110 1644 1195 1713 (cf.
1233 1662 1404 1712 progr.
1441 1645 1547 1695 Erf.
1584 1663 1632 1710 p.
1669 1645 1806 1713 VII).

206 1715 687 1766 Vindobonensium
718 1719 890 1766 autem
919 1716 1066 1781 libro,
1098 1716 1283 1781 quippe
1314 1716 1400 1780 qui
1430 1718 1642 1780 propter
1673 1719 1807 1766 aeta-

205 1788 310 1835 tem
367 1789 418 1836 et
470 1786 835 1851 scripturarum
887 1786 1255 1851 praestantiam
1309 1785 1372 1835 ad
1423 1784 1805 1835 similitudinem

207 1855 470 1921 archetypi
509 1857 727 1921 accedat,
766 1856 1015 1920 imprimis
1053 1855 1176 1904 fides
1212 1854 1448 1904 habenda
1485 1855 1692 1920 eiusque
1731 1872 1804 1905 se-

206 1925 406 1990 quenda
460 1927 738 1976 auctoritas
793 1929 883 1975 est.
963 1925 1362 1975 Ambrosianum
1409 1928 1584 1975 tamen
1628 1941 1688 1974 ex
1733 1942 1806 1974 re-

204 1995 428 2045 rentiore
466 1996 697 2061 exemplo
730 1996 1000 2045 deductum
1032 2011 1141 2044 esse
1172 1995 1415 2044 lectiones
1444 1995 1586 2059 ipsae
1615 1997 1804 2045 testan-

203 2066 308 2130 tus,
353 2066 496 2115 uelut
546 2066 782 2130 Iupiter
828 2082 1041 2115 succus
1089 2067 1267 2129 atque
1309 2067 1667 2114 auctumnus
1707 2081 1804 2131 ge-

202 2134 395 2184 nitrix
439 2135 722 2185 humerus
769 2135 926 2184 haud
968 2134 1250 2185 connitor
1287 2131 1368 2200 (cf.
1406 2150 1574 2199 progr.
1613 2133 1717 2185 Erf.
1754 2153 1802 2200 p.

201 2201 288 2271 V).
348 2206 489 2270 atqui
526 2222 640 2255 cum
678 2205 959 2255 editionum
990 2204 1302 2255 Venetarum
1340 2203 1522 2253 similis
1557 2204 1688 2254 ratio
1724 2205 1803 2270 sit,

203 2274 363 2339 priori
398 2275 512 2339 plus
549 2275 877 2324 tribuendum
915 2277 993 2324 est
1029 2291 1180 2339 quam
1217 2274 1501 2339 posteriori.

343 2344 438 2394 His
480 2345 639 2410 igitur
677 2344 983 2394 adiumentis
1021 2344 1095 2393 ita
1131 2361 1253 2393 usus
1293 2361 1426 2409 sum,
1471 2345 1529 2392 ut
1566 2343 1801 2393 omnibus

203 2413 307 2464 fere
339 2415 617 2480 scripturis,
648 2432 775 2480 quae
808 2415 870 2464 ad
901 2413 1323 2480 orthographiam
1348 2413 1621 2479 pertinent,
1651 2414 1802 2463 omis-

205 2484 273 2534 sis
310 2485 560 2550 imprimis
597 2485 844 2534 librorum
882 2501 1038 2533 manu
1072 2484 1377 2548 scriptorum
1407 2483 1800 2548 discrepantiam

205 2554 564 2620 gravissimam
600 2557 850 2619 notarem,
888 2554 1168 2603 editionum
1199 2558 1370 2602 autem
1399 2569 1516 2602 raro
1546 2554 1800 2603 rationem

202 2623 460 2689 haberem,
496 2625 595 2674 nisi
633 2624 766 2690 quod
802 2624 950 2675 initio
989 2622 1196 2688 Georgii
1228 2622 1410 2673 Vallae
1445 2622 1687 2673 lectiones
1725 2626 1800 2672 at-

201 2693 295 2742 tuli
339 2694 508 2758 plures
554 2711 707 2759 quam
751 2696 944 2759 postea.
1017 2696 1069 2743 ct
1113 2692 1277 2758 siquid
1314 2692 1368 2742 in
1406 2691 1592 2742 Aldina
1628 2692 1711 2742 uel
1746 2692 1800 2743 in
