1916 2944
0 1466 12 1533 §w
3 1451 10 1461 ι

0 1538 11 1583 nt..

0 2498 5 2586 -<‘*
0 2322 13 2451 —v3„

0 2640 2 2650 1

0 2655 5 2676 ’1

0 2682 5 2746 i

0 2747 3 2760 1

0 2794 3 2803 ι

24 238 106 276 480

23 587 104 626 485

23 936 105 975 490

23 1284 104 1323 495

27 1634 106 1672 500

27 1982 106 2020 505

763 116 1101 164 „21-

139 226 225 276 sed
262 242 365 276 non
402 227 454 275 et
489 225 644 290 capiti
681 225 860 276 similis
897 226 1054 276 rubor
1089 226 1302 293 ipsaque
1339 227 1530 293 ceruix,

137 295 370 361 quamuis
407 311 618 360 procero
657 299 834 362 surgat
870 296 990 346 iuba
1025 296 1248 346 maxima
1285 297 1438 362 collo,

135 365 379 431 languida
415 365 661 416 marcenti
698 366 785 415 uix
822 368 900 416 est
938 366 1231 431 spectabilis
1268 366 1400 432 igne.

135 435 318 485 ultima
355 452 483 500 quae
520 438 694 485 mento
734 453 844 485 sese
882 437 1123 502 explicat,
1159 436 1285 485 haut
1321 437 1487 486 minor
1522 435 1610 485 illa

137 507 377 570 quattuor
413 507 491 554 est
526 505 726 570 primis,
763 523 890 571 quae
926 506 1142 556 formam
1179 506 1368 555 lumine
1407 507 1543 556 claro

137 574 419 640 cornipedis
459 575 717 625 simulant.
788 593 893 626 non
930 575 1014 625 1116
1050 593 1209 642 equus
1245 576 1442 642 integer
1479 578 1638 641 artus,

136 662 240 694 non
277 644 564 710 quadrupes
603 646 742 695 caelo
781 645 1085 711 sustollitur,
1123 647 1177 696 at
1210 647 1360 695 tenus
1399 646 1514 695 aluo

136 714 348 781 erigitur
385 715 570 780 media,
608 732 727 764 nam
765 718 933 765 cetera
967 731 1098 780 pone
1134 717 1410 781 negantur,

137 787 188 833 et
226 785 392 850 quatit
429 785 681 834 aetherias
718 785 897 849 primis
935 785 1084 835 modo
1123 784 1354 834 cruribus
1392 801 1555 834 auras.

135 854 291 919 hunc,
327 855 461 905 hunc
498 853 667 905 Aonio
706 854 962 920 quondam
1000 856 1284 904 memorant
1319 853 1562 904 Helicone

135 924 310 973 inclita
346 927 466 990 post
502 923 686 988 Lyciae
722 924 1016 974 redeuntem
1054 924 1193 974 bella
1230 922 1549 985 Chimaerae,

136 994 358 1058 mystica
395 1011 493 1059 qua
529 1011 681 1060 rupes
720 994 882 1044 doctis
920 994 1270 1044 obmurmurat
1307 994 1490 1059 antris,

132 1063 406 1113 herbarum
444 1065 691 1128 carpsisse
729 1081 900 1113 comas
939 1067 988 1113 et
1025 1064 1255 1130 gramine
1294 1063 1450 1113 odoro

137 1133 418 1198 expleuisse
454 1133 670 1199 famem,
707 1133 795 1183 sed
832 1151 945 1183 cum
983 1134 1092 1183 sitis
1131 1133 1271 1183 arida
1307 1133 1478 1183 fauces

135 1205 306 1252 ureret
343 1220 400 1253 ac
437 1203 576 1253 nullo
614 1205 847 1253 manaret
885 1219 1069 1269 gurges
1107 1203 1272 1267 hiatu,

134 1272 353 1322 inlisisse
390 1273 570 1338 pedem
613 1300 670 1307 —
713 1289 967 1338 cornuque
1005 1273 1170 1323 excita
1205 1274 1410 1337 repente

133 1342 292 1406 lymfa
329 1343 637 1392 camenalem
673 1342 808 1392 fudit
842 1343 1020 1407 procul
1057 1342 1429 1407 Hippocrenen.

134 1413 304 1461 Aones
341 1411 438 1462 hoc
475 1412 615 1462 latici
652 1414 932 1477 posuerunt
966 1429 1152 1461 nomen
1191 1411 1376 1476 equino

133 1484 380 1546 pastores.
455 1481 636 1547 strepit
673 1482 796 1531 haec
834 1481 1032 1546 placido
1070 1481 1205 1531 inter
1243 1498 1367 1530 saxa
1403 1497 1611 1530 susurro

135 1551 297 1617 adque
334 1550 578 1601 Helicone
615 1551 799 1601 cadens
838 1568 947 1601 sese
986 1551 1275 1601 sitientibus
1311 1550 1484 1600 herbis

138 1621 338 1683 inserit,
375 1620 624 1671 Ascraeas
662 1621 820 1671 donec
856 1637 988 1687 uaga
1025 1621 1226 1687 gurgite
1264 1620 1424 1670 ualles

137 1691 374 1741 uiuificet.
446 1691 583 1757 rigat
618 1690 716 1740 hac
754 1690 952 1740 animas
990 1694 1040 1740 et
1075 1691 1298 1756 Thespia
1334 1690 1494 1754 pubes

139 1778 338 1825 semper
374 1762 426 1809 et
461 1761 514 1809 in
550 1761 727 1810 latices
763 1760 931 1810 inhiat
967 1777 1090 1826 gens
1126 1761 1285 1810 fontis
1323 1759 1530 1809 alumni.

139 1832 220 1880 ast
257 1847 373 1880 ecus
411 1830 608 1880 alterno
645 1830 776 1879 redit
811 1830 945 1879 inter
982 1831 1160 1880 sidera
1186 1832 1328 1880 motu

140 1899 426 1966 Oceanique
464 1900 570 1950 salo
609 1903 762 1965 caput
800 1900 997 1950 exserit.
1068 1899 1196 1949 haut
1231 1899 1326 1949 tibi
1362 1897 1538 1964 magni

138 1987 259 2019 cura
294 1970 486 2020 laboris
524 1970 620 2019 erit
656 1970 794 2019 caelo
832 1972 1061 2035 spectare
1101 1986 1274 2019 sereno

137 2039 477 2104 cornipedem,
515 2040 672 2089 micat
708 2040 796 2088 ille
832 2040 1007 2105 procul
1043 2039 1381 2104 flagrantibus
1420 2038 1572 2087 astris

138 2112 188 2158 et
225 2109 429 2174 perfusa
465 2126 640 2159 recens
679 2109 848 2159 educit
882 2111 1089 2174 pectora
1125 2111 1298 2173 ponto.

208 2178 340 2228 Tum
377 2179 509 2228 celer
545 2179 631 2228 1116
670 2179 849 2243 aries,
885 2179 1026 2245 longi
1064 2179 1150 2244 qui
1186 2178 1363 2227 limitis
1402 2177 1523 2227 orbe

250 2292 332 2330 480
363 2288 439 2330 sed
469 2301 556 2330 non
586 2290 631 2330 et
658 2301 684 2330 v
715 2288 790 2330 sed
821 2288 865 2329 et
894 2300 982 2330 non
1013 2287 1072 2329 Ve
1097 2287 1229 2329 Sedet
1251 2300 1340 2329 non
1363 2286 1405 2327 A
1479 2289 1558 2327 481
1585 2287 1736 2340 surgat

138 2344 182 2385 A
219 2345 368 2398 surget
406 2343 447 2384 V
586 2348 667 2386 483
704 2344 814 2385 haut
849 2343 1017 2385 eorreaei
1053 2345 1130 2385 aut
1167 2343 1208 2384 V
1240 2343 1359 2384 haud
1389 2342 1432 2383 A
1575 2346 1656 2384 486
1688 2343 1735 2384 at

138 2399 316 2442 Grotius
353 2400 397 2441 et
435 2399 515 2441 VA
651 2404 732 2442 487
763 2413 865 2442 nam
895 2398 1073 2441 Grotius
1101 2398 1191 2440 iam
1229 2399 1310 2440 VA
1445 2402 1527 2440 491
1559 2398 1733 2439 obmur-

137 2457 283 2497 murat
331 2460 430 2497 cmte
479 2468 682 2498 rasuram
731 2468 886 2498 manus
917 2459 942 2496 1
995 2454 1036 2496 V
1081 2456 1344 2496 {murmurat
1385 2466 1540 2495 manus
1570 2458 1600 2496 2
1651 2453 1731 2494 VA

139 2515 218 2553 592
244 2509 453 2564 carpsisse
477 2512 519 2552 A
543 2511 784 2565 carpspisse
813 2510 855 2552 V
870 2512 885 2564 ΙΙ
908 2510 1044 2553 odoro
1067 2523 1174 2553 corr.
1207 2510 1248 2552 V
1267 2510 1401 2552 odore
1417 2510 1460 2550 A
1521 2514 1602 2551 496
1625 2508 1733 2563 Hip-

138 2579 357 2621 pocrenen
372 2567 413 2608 A
431 2566 718 2625 Hippoi-enen
739 2566 781 2608 V
834 2571 912 2608 501
937 2566 1133 2608 uiuificet
1148 2567 1190 2607 A
1213 2565 1402 2608 Vuificet
1432 2565 1474 2606 V
1528 2569 1608 2607 503
1633 2578 1734 2607 ecus

138 2635 292 2665 manus
313 2627 336 2664 1
378 2622 418 2663 V
455 2636 589 2675 equus
633 2635 787 2665 manus
809 2625 840 2665 2
879 2622 959 2664 VA
1083 2637 1126 2665 u.
1158 2626 1246 2665 508
1282 2622 1537 2665 inscribitur
1566 2620 1734 2662 ARIES

148 2678 229 2720 VA
342 2682 422 2720 508
453 2677 608 2720 limitis
648 2679 689 2719 V
714 2677 893 2720 luminis
923 2679 965 2719 A
