1916 2944
98 241 179 279 260

96 589 177 626 265

96 936 177 974 270

97 1284 176 1323 275

96 1632 177 1670 280

836 113 1173 162 „12—

209 228 356 292 terga
378 224 579 274 Helices
602 224 744 274 iuxta
766 226 966 289 premat
989 224 1186 290 arduus,
1215 225 1342 275 haut
1362 228 1537 276 tamen
1559 242 1800 291 umquam

208 295 264 345 in
299 295 583 360 picturatae
620 294 908 358 plaustrum
943 311 1237 359 procurrere
1273 297 1451 345 matris

209 364 287 414 fas
326 364 495 428 datur,
533 364 730 429 antiqui
766 363 1006 429 quoniam
1044 364 1283 431 contagio
1320 365 1375 414 in
1410 365 1497 416 illo

211 433 438 484 criminis
477 435 528 482 et
563 435 795 483 ueterum
831 433 1128 498 prohibetur
1163 434 1312 499 culpa
1348 436 1612 485 malorum.

209 521 303 554 nec
341 503 508 553 minus
544 503 600 552 in
637 503 878 553 membris
915 503 1002 552 lux
1040 503 1130 553 olli
1166 504 1387 554 maxima
1421 505 1592 555 uibrat

210 574 467 633 omnibus,
506 572 649 622 ardet
685 590 813 637 apex
851 573 1028 638 capiti,
1066 573 1221 623 micat
1256 575 1408 640 ignea
1442 575 1547 625 late

210 644 437 706 dextera,
472 642 799 692 flammantur
834 643 1017 708 umeri,
1052 643 1310 693 flammam
1347 647 1519 694 mouet
1553 644 1712 695 instar

207 713 340 762 inter
376 715 648 777 utrumque
686 711 862 762 femur.
936 729 1035 777 qua
1073 730 1126 762 se
1164 713 1382 763 confinia
1417 714 1516 763 lori

208 782 462 832 deducunt
497 782 731 848 pedibus,
768 782 931 832 maior
953 782 1070 844 fax
1105 782 1315 832 luminis
1353 801 1501 833 auras

207 853 445 902 uerberat
482 854 532 901 et
567 851 764 917 reliquo
803 851 941 901 sidus
978 852 1142 917 magis
1182 855 1380 902 aestuat
1417 855 1568 903 astro.

207 939 328 971 nam
364 922 504 971 locus
541 920 802 972 Arcturo
841 939 982 972 sacer
1017 922 1109 972 hic
1144 922 1470 989 adscribitur,
1506 923 1663 988 illinc,

209 1008 362 1041 aurea
399 1008 499 1056 qua
536 1008 762 1041 summos
800 991 1128 1056 adstringunt
1164 993 1367 1057 cingula
1403 992 1636 1058 amictus,

209 1061 351 1111 ebria
386 1060 670 1110 flammanti
706 1061 972 1126 consurgit
1007 1062 1158 1111 stella
1193 1063 1390 1112 rubore.

279 1130 390 1189 Qua
426 1130 799 1195 protenduntur
834 1130 1055 1196 uestigia
1094 1148 1292 1181 summa
1327 1130 1506 1182 Bootis

209 1217 407 1266 quaque
442 1217 534 1265 per
571 1200 860 1250 inmensum
899 1200 1423 1267 circumflagrantibus
1463 1201 1614 1251 astris

209 1270 423 1320 circulus
462 1270 668 1335 obliquo
705 1270 807 1319 late
844 1270 974 1320 iacet
1012 1270 1229 1336 astriger
1265 1272 1408 1334 orbe,

207 1340 552 1404 contemplare
590 1356 760 1389 sacros
799 1340 1055 1390 subiectae
1091 1341 1358 1406 uirginis
1397 1343 1551 1390 artus.

207 1427 360 1474 quam
383 1412 449 1474 te,
474 1426 626 1474 quam
648 1409 960 1460 memorem?
999 1410 1107 1460 siue
1134 1414 1210 1460 est
1231 1411 1435 1476 genitor
1456 1409 1553 1459 tibi
1577 1428 1801 1461 summus

205 1478 436 1544 Iuppiter
473 1481 524 1528 et
560 1478 806 1528 Themide
842 1479 895 1529 in
930 1481 1093 1529 terras
1131 1479 1352 1530 demissa
1387 1482 1664 1546 parente's‚

208 1565 296 1598 seu
331 1548 496 1614 patris
533 1546 739 1598 Astraei
776 1549 972 1598 clarum
1009 1566 1061 1599 es
1100 1565 1282 1615 genus,
1321 1567 1472 1599 aurea
1508 1550 1648 1600 cuius

209 1617 374 1668 sidera
412 1620 533 1667 sunt
567 1617 738 1683 proles
776 1620 827 1668 et
864 1619 950 1684 qui
986 1635 1078 1684 pro
1117 1636 1324 1669 munere
1360 1636 1559 1670 morum

206 1688 596 1754 inculpabilium
632 1704 819 1737 nomen
857 1687 995 1738 dedit
1032 1688 1268 1739 omnibus
1305 1689 1471 1740 astris.

318 1843 399 1881 260
435 1838 611 1880 Helices
657 1852 678 1880 e
712 1838 885 1881 Helicet
927 1838 969 1880 V
998 1838 1151 1882 Helice
1187 1841 1231 1881 A
1272 1841 1287 1893 ΙΙ
1329 1840 1453 1882 iuxta
1498 1840 1558 1882 Ve
1599 1840 1724 1883 uixta
1756 1842 1802 1882 -A

205 1898 287 1936 264
318 1893 397 1936 olli
426 1894 469 1935 A
500 1894 561 1936 oli
598 1894 640 1936 V
666 1893 773 1937 olim
802 1909 822 1937 e
915 1899 995 1937 265
1026 1895 1164 1938 micat
1191 1896 1263 1938 Ae
1291 1895 1434 1950 migat
1469 1896 1510 1938 V
1531 1897 1547 1949 ss
1575 1895 1707 1950 ignea
1744 1897 1803 1940 Ve

204 1963 256 1992 ex
301 1962 433 1992 aurea
476 1963 631 1993 manus
660 1954 685 1992 1
724 1949 769 1991 A
911 1955 992 1993 266
1029 1951 1310 1994 flammantur
1345 1953 1501 2006 scripsi
1537 1953 1590 2004 cf.
1627 1956 1803 1995 Hermes

208 2006 292 2047 XI
318 2019 365 2060 p.
397 2009 488 2049 252
523 2019 566 2047 n.
598 2010 657 2049 12
699 2005 877 2048 flamma
912 2007 1075 2049 tumeri
1112 2007 1153 2049 V
1184 2006 1314 2049 flama
1349 2009 1500 2050 tamen
1523 2011 1624 2061 post
1652 2011 1803 2051 tamen

204 2062 391 2115 quinque
419 2063 507 2114 fere
538 2062 779 2104 litterarum
807 2063 998 2115 spatium
1025 2075 1214 2106 uacuum
1236 2064 1278 2104 A
1309 2062 1529 2106 flammam
1551 2064 1722 2105 humeri
1745 2078 1765 2106 e
1785 2064 1800 2120 ΙΙ

203 2117 344 2159 instar
381 2118 424 2159 A
460 2117 578 2159 insta
623 2118 682 2160 Ve
796 2122 877 2160 267
914 2118 998 2160 lori
1033 2120 1189 2172 scripsi
1223 2118 1332 2161 locis
1378 2119 1436 2161 Ve
1470 2119 1580 2162 lucis
1618 2120 1662 2161 A
1698 2120 1801 2164 latis

203 2173 438 2216 Schrader-i
467 2174 792 2216 commentarius
819 2174 1012 2217 Berolin.
1080 2179 1161 2217 268
1199 2174 1421 2217 deducunt
1455 2174 1567 2217 VAe
1589 2175 1802 2218 diducunt

203 2243 228 2271 v
250 2230 264 2282 ss
285 2229 360 2271 fax
389 2229 448 2271 N.
479 2229 691 2271 Heinsius
741 2242 818 2271 om.
860 2229 972 2272 VAe
1001 2242 1087 2284 qua
1115 2245 1141 2273 v
1252 2235 1332 2273 269
1362 2231 1531 2283 reliquo
1561 2232 1717 2285 scripsi
1745 2232 1798 2284 cf.

204 2285 382 2327 Hermes
413 2285 512 2326 XV
538 2298 586 2339 p.
617 2289 700 2327 183
729 2299 773 2328 n.
806 2288 861 2328 53
897 2286 1030 2328 rutilo
1067 2285 1176 2329 VAe
1204 2288 1219 2340 ΙΙ
1252 2288 1425 2329 aestuat
1464 2287 1522 2329 Ve
1558 2288 1729 2330 aestaat
1757 2287 1801 2328 A

204 2345 285 2383 270
329 2339 404 2382 hic
446 2341 505 2383 N.
544 2341 756 2384 Heinsius
799 2354 877 2385 om.
924 2341 1038 2384 VAe
1198 2347 1278 2385 271
1324 2343 1510 2384 amictus
1554 2343 1627 2384 Ae
1670 2342 1802 2385 amici

213 2397 253 2437 V
328 2402 409 2439 272
439 2397 598 2439 rubore
621 2398 663 2438 A
692 2397 849 2440 robore
889 2397 947 2440 Vc
1003 2411 1047 2440 u.
1078 2401 1168 2441 273
1197 2399 1451 2441 inscribitur
1479 2397 1658 2440 VIRGO
1691 2398 1801 2440 VAe

205 2457 286 2494 273
331 2452 427 2504 Qua
479 2452 538 2495 Ve
581 2451 648 2494 ΕΤ
693 2466 780 2506 qua
823 2453 866 2494 A
915 2454 930 2507 ΙΙ
972 2454 1296 2507 protenduntur
1337 2468 1357 2496 e
1398 2454 1669 2506 protendunt
1718 2454 1800 2495 VA

203 2512 286 2549 274
324 2507 776 2562 circumflagrantibus
814 2509 895 2551 VA
926 2509 1300 2563 circfiflagratibus
1330 2523 1351 2551 e
1463 2514 1544 2552 276
1577 2508 1799 2552 subiectae

212 2564 271 2606 Ve
299 2564 378 2606 sub
406 2566 553 2606 tectae
577 2565 620 2605 A
685 2569 765 2607 277
797 2579 990 2607 summus
1012 2566 1056 2607 A
1086 2580 1234 2608 sumus
1264 2565 1306 2607 V
1364 2570 1444 2607 278
1476 2568 1521 2607 et
1542 2568 1614 2607 Ae
1643 2578 1696 2608 ex
1728 2565 1800 2620 VJ!

202 2620 342 2661 terras
373 2633 393 2661 e
422 2621 540 2662 terra
571 2620 651 2661 VA
674 2622 688 2674 ΙΙ
717 2620 908 2663 demissa
933 2621 976 2663 A
1007 2620 1188 2663 dimissa
1218 2621 1277 2663 Ve
1297 2623 1311 2675 ΙΙ
1332 2621 1550 2676 parente's
1573 2622 1800 2675 Hauptius

204 2675 258 2727 cf.
282 2675 460 2717 Hermes
491 2675 593 2717 VII
613 2689 660 2729 p.
685 2679 740 2718 13
769 2678 972 2730 parentes
1005 2677 1063 2719 Ve
1083 2678 1266 2730 parente
1289 2679 1331 2718 A
1400 2681 1480 2719 279
1505 2690 1549 2718 es
1579 2691 1599 2720 e
1622 2681 1688 2719 est
1718 2677 1798 2718 VA
