1916 2944
0 2160 13 2199 v
0 2131 3 2134 -
0 1889 11 2104 .-r„=.-21--‚----
0 1723 6 1866 ww
0 1635 8 1661 -v
0 1611 2 1620 ff

789 130 1007 167 —V11
1085 145 1140 150 —

308 227 418 278 Iam
463 245 584 277 uero
629 227 693 276 ad
740 226 988 277 edendum
1026 226 1214 278 Auieni
1253 226 1468 277 Aratum
1513 227 1640 278 duos
1679 227 1765 278 ad-

171 298 315 348 hibui
357 297 517 348 Iibros
561 314 716 347 manu
757 298 995 363 scriptos,
1040 314 1254 362 quorum
1291 314 1422 347 unus
1460 299 1538 348 est
1573 297 1763 348 Vindo-

92 366 134 409 V
173 367 427 432 bonensiS,
463 367 857 417 Mediolanensis
896 367 1039 416 alter.
1105 384 1162 417 ac
1191 367 1320 417 liber
1348 365 1763 418 Vindobonensis

173 439 250 486 est
285 437 715 503 membranaceus,
753 436 940 487 saeculi
974 436 1170 503 decimi,
1206 437 1371 487 forma
1399 438 1634 502 maxima,
1670 454 1761 487 nu-

168 523 308 557 mero
360 505 475 556 CXI
533 507 668 571 apud
716 506 1102 572 Endlicherum‚
1160 507 1374 572 catalog.
1427 507 1534 557 cod.
1586 507 1763 572 philol.

166 575 332 625 Latin.
375 593 422 641 p.
460 575 540 626 54.
621 577 882 641 scripturis
928 576 1130 641 quidem
1173 593 1294 626 usus
1340 593 1450 626 sum
1497 576 1593 642 eis,
1636 594 1760 642 quas

167 646 287 695 olim
319 646 501 696 habuit
530 646 804 696 Mauricius
835 645 1023 711 Haupt.
1055 646 1268 696 collatae
1299 648 1419 696 sunt
1449 663 1564 696 cum
1594 663 1760 696 exem-

163 715 249 779 plo
297 715 532 766 editionis
578 714 1021 766 Sanctandreanae
1073 719 1124 765 et
1175 716 1228 764 in
1279 732 1338 765 eo
1382 716 1493 781 ipso
1537 719 1759 766 notatae.

164 783 388 834 codicem
434 786 602 851 ipsum
646 803 797 835 uersu
849 785 982 836 1580
1026 785 1162 834 finiri
1206 787 1418 835 constat.
1498 788 1761 850 praeterea

164 853 346 904 desunt
382 874 427 905 u.
467 855 583 920 324,
623 856 736 916 713,
778 856 926 919 1013,
967 856 1115 920 1014,
1156 855 1303 905 1409.
1377 871 1491 904 cum
1523 855 1610 904 alii
1640 857 1760 905 sunt

162 925 351 990 mutili,
395 927 505 974 tum
550 943 597 976 u.
635 925 738 975 270
783 928 834 974 et
871 925 974 975 570
1018 927 1069 974 et
1113 925 1199 990 qui
1241 925 1344 974 iam
1380 925 1436 974 in
1472 941 1615 990 prog.
1651 924 1759 975 Erf.

163 993 445 1044 afferendus
483 994 580 1044 fuit
620 996 776 1059 10793
813 1012 944 1044 unus
982 1012 1028 1045 u.
1061 995 1164 1044 675
1201 995 1356 1044 etiam
1391 1011 1599 1044 caesura
1629 997 1758 1060 eget.

86 1063 130 1106 A
161 1061 557 1114 Mediolanensis
596 1068 767 1114 autem
805 1068 885 1115 est
921 1082 982 1114 ex
1017 1064 1164 1114 libris
1195 1063 1564 1130 Ambrosianis,
1600 1081 1757 1130 papy-

159 1149 358 1199 raceus,
404 1134 594 1184 saeculi
639 1134 804 1200 quinti
847 1134 1048 1199 decimi,
1094 1134 1313 1184 secunda
1356 1134 1523 1183 forma
1563 1135 1758 1184 minore

159 1199 238 1267 (2⁰
274 1201 417 1270 min.)
456 1204 499 1253 is
538 1204 661 1253 olim
696 1204 795 1253 fuit
830 1203 1018 1254 Bonini
1054 1203 1349 1253 Mombritii.
1422 1204 1638 1254 collatus
1681 1206 1760 1254 est

157 1288 186 1320 a
233 1271 460 1323 Gustavo
505 1272 707 1337 Loewe,
759 1273 840 1323 cui
883 1273 1049 1324 facere
1093 1291 1198 1323 non
1241 1289 1450 1339 ppssum
1495 1273 1618 1339 quin
1660 1273 1759 1324 hoc

156 1358 356 1407 quoque
407 1343 519 1392 loco
571 1343 760 1408 gratias
810 1359 960 1408 agam
1005 1361 1067 1393 ex
1111 1342 1270 1392 animi
1314 1343 1579 1393 sententia.
1658 1343 1757 1393 hoc

155 1410 286 1461 libro
344 1412 566 1477 primum
625 1413 950 1462 continentur
999 1412 1185 1461 Auieni
1235 1412 1429 1461 Aratea
1479 1429 1639 1477 usque
1692 1412 1757 1462 ad

154 1497 357 1531 uersum
397 1481 545 1531 1322.
618 1481 858 1547 leguntur
901 1484 1020 1546 post
1060 1481 1294 1531 undecim
1332 1481 1660 1531 duodecimue
1697 1483 1754 1531 li-

154 1567 364 1600 nearum
414 1551 637 1615 spatium
681 1568 898 1601 uacuum
941 1569 988 1602 u.
1037 1551 1171 1601 1335
1214 1567 1373 1616 usque
1418 1551 1482 1600 ad
1526 1570 1572 1601 u.
1621 1550 1751 1602 1581

154 1622 206 1668 et
263 1638 310 1670 u.
367 1620 500 1670 1750
560 1638 674 1671 cum
727 1621 958 1686 reliquis,
1018 1621 1201 1686 quibus
1253 1621 1599 1686 subscriptum
1653 1624 1752 1671 est:

153 1688 326 1739 Ruffi
371 1689 538 1740 Festi
584 1691 809 1740 Aratus
862 1690 1135 1756 explicit.
1215 1690 1444 1755 Incipit
1487 1690 1754 1741 eiusdem

154 1759 320 1810 orbis
351 1762 527 1824 terre.
588 1777 740 1826 quam
771 1760 973 1826 quidem
1004 1760 1398 1825 descriptionem
1427 1760 1564 1810 orbis
1587 1763 1752 1811 terrae

155 1829 411 1895 excipiunt
448 1830 757 1880 Arateorum
789 1847 968 1880 uersus
1007 1832 1158 1879 antea
1195 1830 1387 1894 omissi,
1428 1829 1563 1880 1582
1594 1847 1752 1896 usque

153 1898 216 1948 ad
262 1917 308 1948 u.
358 1899 506 1949 1749.
584 1900 638 1949 in
690 1899 866 1949 eodem
916 1900 1176 1949 uolumine
1227 1901 1429 1964 praeter
1479 1900 1606 1950 haec
1651 1899 1750 1951 duo

152 1967 339 2018 Auieni
389 1973 631 2034 poemata
682 1969 1011 2019 inueniuntur
1059 1968 1348 2019 Germanici
1391 1969 1584 2019 Aratea
1636 1987 1751 2020 cum
1855 1989 1858 1994 ·

151 2038 262 2088 uita
283 2039 431 2088 Arati
463 2042 513 2088 et
536 2038 842 2089 Arateorum
866 2038 1126 2090 Ciceronis
1155 2039 1398 2104 reliquiae
1425 2037 1511 2105 (cf.
1533 2038 1750 2090 Hermes

150 2107 248 2157 XV
283 2127 330 2173 p.
373 2109 472 2158 180
507 2126 556 2158 11.
593 2107 698 2174 50).
771 2108 858 2158 sed
895 2109 949 2158 in
981 2110 1139 2159 Arato
1180 2108 1363 2158 Auieni
1400 2109 1751 2159 desiderantur

148 2195 197 2228 u,
228 2178 345 2243 324,
384 2178 501 2243 624,
538 2178 654 2242 625,
694 2179 809 2243 713,
851 2179 999 2244 1013,
1041 2179 1189 2244 1014,
1229 2179 1378 2243 1300,
1420 2179 1553 2228 1323
1590 2196 1750 2244 usque

151 2247 214 2296 ad
243 2266 289 2298 11.
318 2248 467 2312 1334,
502 2249 649 2313 1409,
684 2249 830 2298 1743.
891 2248 954 2297 ad
984 2249 1354 2314 quinquaginta
1383 2265 1561 2298 uersus
1598 2249 1749 2298 muti-

148 2316 241 2366 lati
285 2320 423 2382 sunt,
467 2318 520 2367 in
565 2318 763 2426 quibusi³
791 2335 838 2368 u,
877 2319 980 2368 270
1025 2321 1074 2367 et
1111 2318 1214 2368 570
1258 2320 1310 2367 et
1350 2318 1497 2368 1079.
1570 2334 1747 2368 uersus

955 2399 983 2427 a

152 2445 320 2492 autem
358 2442 460 2493 675
497 2443 654 2493 habet
688 2443 830 2509 fuge
869 2443 1105 2493 sollers.
1164 2460 1277 2493 cum
1314 2459 1436 2493 uero
1466 2442 1597 2492 liber
1626 2443 1748 2492 Am-

150 2511 417 2562 brosianus
471 2513 540 2562 sit
581 2513 960 2563 recentissimus
1003 2530 1168 2578 neque
1212 2513 1273 2562 de
1317 2512 1593 2578 archetypo
1635 2513 1746 2578 ipso

152 2581 432 2647 descriptus
464 2599 572 2632 esse
602 2583 779 2647 possit,
809 2583 918 2632 iure
949 2582 1283 2633 dubitandum
1307 2585 1399 2647 est,
1429 2599 1496 2631 an
1519 2585 1745 2632 mutatus

151 2650 238 2700 ille
276 2651 398 2702 ordo
435 2653 708 2702 uerborum
747 2652 1026 2717 archetypo
1060 2670 1164 2702 non
1195 2652 1452 2702 debeatur.
1510 2655 1663 2717 atque
1691 2652 1747 2701 in
