<?xml version="1.0" encoding="UTF-8"?>
<!DOCTYPE html PUBLIC "-//W3C//DTD XHTML 1.0 Transitional//EN"
    "http://www.w3.org/TR/xhtml1/DTD/xhtml1-transitional.dtd">
<html xmlns="http://www.w3.org/1999/xhtml" xml:lang="en" lang="en">
 <head>
  <title>
</title>
<meta http-equiv="Content-Type" content="text/html;charset=utf-8" />
  <meta name='ocr-system' content='tesseract 3.04.00' />
  <meta name='ocr-capabilities' content='ocr_page ocr_carea ocr_par ocr_line ocrx_word'/>
</head>
<body>
  <div class='ocr_page' id='page_1' title='image "./rufifestiavienia00avieuoft_0081.png"; bbox 0 0 1916 2944; ppageno 0'>
   <div class='ocr_carea' id='block_1_1' title="bbox 18 526 168 564">
    <p class='ocr_par' dir='ltr' id='par_1_1' title="bbox 18 526 168 564">
     <span class='ocr_line' id='line_1_1' title="bbox 18 526 168 564; baseline 0 0"><span class='ocrx_word' id='word_1_1' title='bbox 18 527 30 562; x_wconf 55' lang='grc' dir='ltr'>ξ</span> <span class='ocrx_word' id='word_1_2' title='bbox 61 526 168 564; x_wconf 85' lang='grc'>1435</span> 
     </span>
    </p>
   </div>
   <div class='ocr_carea' id='block_1_2' title="bbox 61 873 168 912">
    <p class='ocr_par' dir='ltr' id='par_1_2' title="bbox 61 873 168 912">
     <span class='ocr_line' id='line_1_2' title="bbox 61 873 168 912; baseline 0.009 -1"><span class='ocrx_word' id='word_1_3' title='bbox 61 873 168 912; x_wconf 90' lang='grc'>1440</span> 
     </span>
    </p>
   </div>
   <div class='ocr_carea' id='block_1_3' title="bbox 0 1218 165 1259">
    <p class='ocr_par' dir='ltr' id='par_1_3' title="bbox 0 1218 165 1259">
     <span class='ocr_line' id='line_1_3' title="bbox 0 1218 165 1259; baseline 0.012 -2"><span class='ocrx_word' id='word_1_4' title='bbox 0 1218 4 1228; x_wconf 82' lang='grc'><strong><em>’</em></strong></span> <span class='ocrx_word' id='word_1_5' title='bbox 58 1221 165 1259; x_wconf 87' lang='grc'>1445</span> 
     </span>
    </p>
   </div>
   <div class='ocr_carea' id='block_1_4' title="bbox 57 1570 162 1608">
    <p class='ocr_par' dir='ltr' id='par_1_4' title="bbox 57 1570 162 1608">
     <span class='ocr_line' id='line_1_4' title="bbox 57 1570 162 1608; baseline 0.01 -1"><span class='ocrx_word' id='word_1_6' title='bbox 57 1570 162 1608; x_wconf 86' lang='grc'>1450</span> 
     </span>
    </p>
   </div>
   <div class='ocr_carea' id='block_1_5' title="bbox 0 1916 162 1958">
    <p class='ocr_par' dir='ltr' id='par_1_5' title="bbox 0 1916 162 1958">
     <span class='ocr_line' id='line_1_5' title="bbox 0 1916 162 1958; baseline 0.012 -2"><span class='ocrx_word' id='word_1_7' title='bbox 0 1916 6 1949; x_wconf 78' lang='grc' dir='ltr'><strong>Ῑ</strong></span> <span class='ocrx_word' id='word_1_8' title='bbox 57 1918 162 1958; x_wconf 83' lang='lat'>1455</span> 
     </span>
    </p>
   </div>
   <div class='ocr_carea' id='block_1_6' title="bbox 0 0 58 2944">
    <p class='ocr_par' dir='ltr' id='par_1_6' title="bbox 0 0 58 2944">
     <span class='ocr_line' id='line_1_6' title="bbox 0 0 58 2944; baseline 0 0"><span class='ocrx_word' id='word_1_9' title='bbox 0 0 58 2944; x_wconf 95' lang='lat' dir='ltr'> </span> 
     </span>
    </p>
   </div>
   <div class='ocr_carea' id='block_1_7' title="bbox 823 124 1167 174">
    <p class='ocr_par' dir='ltr' id='par_1_7' title="bbox 823 124 1167 174">
     <span class='ocr_line' id='line_1_7' title="bbox 823 124 1167 174; baseline 0 -15"><span class='ocrx_word' id='word_1_10' title='bbox 823 124 1167 174; x_wconf 50' lang='lat'>„59—</span> 
     </span>
    </p>
   </div>
   <div class='ocr_carea' id='block_1_8' title="bbox 192 234 1758 2250">
    <p class='ocr_par' dir='ltr' id='par_1_8' title="bbox 192 234 1758 2250">
     <span class='ocr_line' id='line_1_8' title="bbox 202 234 1489 302; baseline 0.001 -17"><span class='ocrx_word' id='word_1_11' title='bbox 202 234 420 302; x_wconf 85' lang='lat' dir='ltr'>excludit</span> <span class='ocrx_word' id='word_1_12' title='bbox 456 234 596 284; x_wconf 89' lang='lat' dir='ltr'>rutili</span> <span class='ocrx_word' id='word_1_13' title='bbox 632 236 894 300; x_wconf 86' lang='lat' dir='ltr'>totamque</span> <span class='ocrx_word' id='word_1_14' title='bbox 930 235 1222 285; x_wconf 88' lang='lat' dir='ltr'>uolantibus</span> <span class='ocrx_word' id='word_1_15' title='bbox 1260 234 1489 286; x_wconf 76' lang='lat' dir='ltr'>aethram</span> 
     </span>
     <span class='ocr_line' id='line_1_9' title="bbox 199 303 1554 370; baseline 0.002 -17"><span class='ocrx_word' id='word_1_16' title='bbox 199 303 530 370; x_wconf 84' lang='lat' dir='ltr'>praestringit</span> <span class='ocrx_word' id='word_1_17' title='bbox 565 303 780 354; x_wconf 87' lang='lat' dir='ltr'>flammis</span> <span class='ocrx_word' id='word_1_18' title='bbox 818 307 868 354; x_wconf 87' lang='lat' dir='ltr'>et</span> <span class='ocrx_word' id='word_1_19' title='bbox 904 305 1098 355; x_wconf 89' lang='lat' dir='ltr'>caelum</span> <span class='ocrx_word' id='word_1_20' title='bbox 1137 305 1325 355; x_wconf 88' lang='lat' dir='ltr'>sulfure</span> <span class='ocrx_word' id='word_1_21' title='bbox 1362 305 1554 357; x_wconf 87' lang='lat' dir='ltr'>odorat.</span> 
     </span>
     <span class='ocr_line' id='line_1_10' title="bbox 200 373 1600 440; baseline 0.001 -16"><span class='ocrx_word' id='word_1_22' title='bbox 200 374 436 424; x_wconf 89' lang='lat' dir='ltr'>omnibus</span> <span class='ocrx_word' id='word_1_23' title='bbox 473 373 554 423; x_wconf 92' lang='lat' dir='ltr'>his</span> <span class='ocrx_word' id='word_1_24' title='bbox 592 374 824 439; x_wconf 75' lang='lat' dir='ltr'>genetrix</span> <span class='ocrx_word' id='word_1_25' title='bbox 859 374 1011 424; x_wconf 90' lang='lat' dir='ltr'>tellus</span> <span class='ocrx_word' id='word_1_26' title='bbox 1049 377 1100 424; x_wconf 92' lang='lat' dir='ltr'>et</span> <span class='ocrx_word' id='word_1_27' title='bbox 1135 376 1358 440; x_wconf 84' lang='lat' dir='ltr'>caespite</span> <span class='ocrx_word' id='word_1_28' title='bbox 1395 375 1459 425; x_wconf 88' lang='lat' dir='ltr'>ab</span> <span class='ocrx_word' id='word_1_29' title='bbox 1497 376 1600 426; x_wconf 92' lang='lat' dir='ltr'>imo</span> 
     </span>
     <span class='ocr_line' id='line_1_11' title="bbox 201 443 1462 510; baseline 0.001 -17"><span class='ocrx_word' id='word_1_30' title='bbox 201 443 448 494; x_wconf 88' lang='lat' dir='ltr'>ducuntur</span> <span class='ocrx_word' id='word_1_31' title='bbox 486 444 656 508; x_wconf 90' lang='lat' dir='ltr'>superi</span> <span class='ocrx_word' id='word_1_32' title='bbox 693 447 877 494; x_wconf 90' lang='lat' dir='ltr'>motus.</span> <span class='ocrx_word' id='word_1_33' title='bbox 949 444 1063 508; x_wconf 90' lang='lat' dir='ltr'>ipsa</span> <span class='ocrx_word' id='word_1_34' title='bbox 1099 444 1252 510; x_wconf 87' lang='lat' dir='ltr'>ignea</span> <span class='ocrx_word' id='word_1_35' title='bbox 1287 445 1462 494; x_wconf 91' lang='lat' dir='ltr'>mundi</span> 
     </span>
     <span class='ocr_line' id='line_1_12' title="bbox 197 512 1578 580; baseline 0.001 -17"><span class='ocrx_word' id='word_1_36' title='bbox 197 513 410 578; x_wconf 88' lang='lat' dir='ltr'>lumina,</span> <span class='ocrx_word' id='word_1_37' title='bbox 446 512 760 580; x_wconf 86' lang='lat' dir='ltr'>flammigero</span> <span class='ocrx_word' id='word_1_38' title='bbox 797 513 1033 564; x_wconf 90' lang='lat' dir='ltr'>Phoebus</span> <span class='ocrx_word' id='word_1_39' title='bbox 1070 515 1271 564; x_wconf 88' lang='lat' dir='ltr'>temone</span> <span class='ocrx_word' id='word_1_40' title='bbox 1309 531 1578 565; x_wconf 82' lang='lat' dir='ltr'><strong>coruscans</strong></span> 
     </span>
     <span class='ocr_line' id='line_1_13' title="bbox 199 582 1453 650; baseline 0.002 -18"><span class='ocrx_word' id='word_1_41' title='bbox 199 585 250 632; x_wconf 90' lang='lat' dir='ltr'>et</span> <span class='ocrx_word' id='word_1_42' title='bbox 288 599 415 648; x_wconf 90' lang='lat' dir='ltr'>quae</span> <span class='ocrx_word' id='word_1_43' title='bbox 452 583 752 648; x_wconf 86' lang='lat' dir='ltr'>noetiuagos</span> <span class='ocrx_word' id='word_1_44' title='bbox 789 583 978 633; x_wconf 82' lang='lat' dir='ltr'>attollit</span> <span class='ocrx_word' id='word_1_45' title='bbox 1011 582 1156 633; x_wconf 88' lang='lat' dir='ltr'>Luna</span> <span class='ocrx_word' id='word_1_46' title='bbox 1191 584 1453 650; x_wconf 87' lang='lat' dir='ltr'>iuuencos,</span> 
     </span>
     <span class='ocr_line' id='line_1_14' title="bbox 198 652 1528 718; baseline 0.002 -17"><span class='ocrx_word' id='word_1_47' title='bbox 198 652 278 701; x_wconf 89' lang='lat' dir='ltr'>his</span> <span class='ocrx_word' id='word_1_48' title='bbox 315 669 553 717; x_wconf 87' lang='lat' dir='ltr'>peperere</span> <span class='ocrx_word' id='word_1_49' title='bbox 590 652 737 702; x_wconf 88' lang='lat' dir='ltr'>malis</span> <span class='ocrx_word' id='word_1_50' title='bbox 776 653 994 702; x_wconf 88' lang='lat' dir='ltr'>exordia.</span> <span class='ocrx_word' id='word_1_51' title='bbox 1065 670 1283 718; x_wconf 90' lang='lat' dir='ltr'>namque</span> <span class='ocrx_word' id='word_1_52' title='bbox 1321 653 1528 704; x_wconf 90' lang='lat' dir='ltr'>deorum</span> 
     </span>
     <span class='ocr_line' id='line_1_15' title="bbox 198 722 1569 789; baseline 0.001 -18"><span class='ocrx_word' id='word_1_53' title='bbox 198 722 360 772; x_wconf 89' lang='lat' dir='ltr'>mouit</span> <span class='ocrx_word' id='word_1_54' title='bbox 395 722 606 771; x_wconf 89' lang='lat' dir='ltr'>humum</span> <span class='ocrx_word' id='word_1_55' title='bbox 644 739 756 773; x_wconf 91' lang='lat' dir='ltr'>cum</span> <span class='ocrx_word' id='word_1_56' title='bbox 794 722 924 772; x_wconf 89' lang='lat' dir='ltr'>forte</span> <span class='ocrx_word' id='word_1_57' title='bbox 962 723 1120 788; x_wconf 90' lang='lat' dir='ltr'>calor,</span> <span class='ocrx_word' id='word_1_58' title='bbox 1157 723 1328 773; x_wconf 85' lang='lat' dir='ltr'>laxata</span> <span class='ocrx_word' id='word_1_59' title='bbox 1364 727 1569 789; x_wconf 90' lang='lat' dir='ltr'>repente</span> 
     </span>
     <span class='ocr_line' id='line_1_16' title="bbox 198 791 1558 857; baseline 0.002 -17"><span class='ocrx_word' id='word_1_60' title='bbox 198 791 510 856; x_wconf 90' lang='lat' dir='ltr'>spiramenta</span> <span class='ocrx_word' id='word_1_61' title='bbox 548 791 643 841; x_wconf 90' lang='lat' dir='ltr'>soli</span> <span class='ocrx_word' id='word_1_62' title='bbox 677 808 834 841; x_wconf 86' lang='lat' dir='ltr'>uenas</span> <span class='ocrx_word' id='word_1_63' title='bbox 871 792 1047 856; x_wconf 89' lang='lat' dir='ltr'>procul</span> <span class='ocrx_word' id='word_1_64' title='bbox 1085 792 1290 857; x_wconf 89' lang='lat' dir='ltr'>altaque</span> <span class='ocrx_word' id='word_1_65' title='bbox 1327 793 1558 857; x_wconf 89' lang='lat' dir='ltr'>pandunt</span> 
     </span>
     <span class='ocr_line' id='line_1_17' title="bbox 199 861 1440 912; baseline 0.002 -2"><span class='ocrx_word' id='word_1_66' title='bbox 199 861 393 911; x_wconf 86' lang='lat' dir='ltr'>uiscera</span> <span class='ocrx_word' id='word_1_67' title='bbox 428 861 616 911; x_wconf 91' lang='lat' dir='ltr'>telluri.</span> <span class='ocrx_word' id='word_1_68' title='bbox 688 862 818 911; x_wconf 91' lang='lat' dir='ltr'>bibit</span> <span class='ocrx_word' id='word_1_69' title='bbox 853 862 1011 911; x_wconf 91' lang='lat' dir='ltr'>imum</span> <span class='ocrx_word' id='word_1_70' title='bbox 1048 864 1186 912; x_wconf 88' lang='lat' dir='ltr'>terra</span> <span class='ocrx_word' id='word_1_71' title='bbox 1223 863 1440 912; x_wconf 90' lang='lat' dir='ltr'>calorem</span> 
     </span>
     <span class='ocr_line' id='line_1_18' title="bbox 199 930 1616 997; baseline 0.002 -18"><span class='ocrx_word' id='word_1_72' title='bbox 199 930 412 996; x_wconf 86' lang='lat' dir='ltr'>desuper</span> <span class='ocrx_word' id='word_1_73' title='bbox 449 934 500 981; x_wconf 89' lang='lat' dir='ltr'>et</span> <span class='ocrx_word' id='word_1_74' title='bbox 536 930 794 980; x_wconf 87' lang='lat' dir='ltr'>madidum</span> <span class='ocrx_word' id='word_1_75' title='bbox 831 931 1111 996; x_wconf 71' lang='lat' dir='ltr'>tepefactus</span> <span class='ocrx_word' id='word_1_76' title='bbox 1150 948 1355 997; x_wconf 82' lang='lat' dir='ltr'>caespes</span> <span class='ocrx_word' id='word_1_77' title='bbox 1395 932 1616 983; x_wconf 83' lang='lat' dir='ltr'>anhelat.</span> 
     </span>
     <span class='ocr_line' id='line_1_19' title="bbox 198 1000 1493 1067; baseline 0.002 -18"><span class='ocrx_word' id='word_1_78' title='bbox 198 1000 328 1050; x_wconf 88' lang='lat' dir='ltr'>aeris</span> <span class='ocrx_word' id='word_1_79' title='bbox 364 1001 460 1050; x_wconf 92' lang='lat' dir='ltr'>hos</span> <span class='ocrx_word' id='word_1_80' title='bbox 496 1003 664 1051; x_wconf 88' lang='lat' dir='ltr'>motus</span> <span class='ocrx_word' id='word_1_81' title='bbox 701 1001 995 1066; x_wconf 88' lang='lat' dir='ltr'>rabiemque</span> <span class='ocrx_word' id='word_1_82' title='bbox 1032 1001 1271 1051; x_wconf 91' lang='lat' dir='ltr'>uolubilis</span> <span class='ocrx_word' id='word_1_83' title='bbox 1308 1001 1493 1067; x_wconf 85' lang='lat' dir='ltr'>undae,</span> 
     </span>
     <span class='ocr_line' id='line_1_20' title="bbox 195 1069 1442 1137; baseline 0.002 -18"><span class='ocrx_word' id='word_1_84' title='bbox 195 1069 355 1120; x_wconf 88' lang='lat' dir='ltr'>flabra</span> <span class='ocrx_word' id='word_1_85' title='bbox 390 1071 746 1135; x_wconf 90' lang='lat' dir='ltr'>procellarum,</span> <span class='ocrx_word' id='word_1_86' title='bbox 783 1070 1025 1120; x_wconf 87' lang='lat' dir='ltr'>mundani</span> <span class='ocrx_word' id='word_1_87' title='bbox 1060 1071 1281 1121; x_wconf 87' lang='lat' dir='ltr'>tramitis</span> <span class='ocrx_word' id='word_1_88' title='bbox 1319 1072 1442 1137; x_wconf 89' lang='lat' dir='ltr'>iras,</span> 
     </span>
     <span class='ocr_line' id='line_1_21' title="bbox 196 1140 1555 1206; baseline 0.001 -17"><span class='ocrx_word' id='word_1_89' title='bbox 196 1140 504 1204; x_wconf 89' lang='lat' dir='ltr'>praesentire</span> <span class='ocrx_word' id='word_1_90' title='bbox 542 1140 698 1190; x_wconf 89' lang='lat' dir='ltr'>decet.</span> <span class='ocrx_word' id='word_1_91' title='bbox 771 1157 893 1205; x_wconf 87' lang='lat' dir='ltr'>cape</span> <span class='ocrx_word' id='word_1_92' title='bbox 931 1140 1109 1190; x_wconf 91' lang='lat' dir='ltr'>sollers</span> <span class='ocrx_word' id='word_1_93' title='bbox 1150 1141 1350 1206; x_wconf 87' lang='lat' dir='ltr'>singula</span> <span class='ocrx_word' id='word_1_94' title='bbox 1386 1144 1555 1191; x_wconf 89' lang='lat' dir='ltr'>mente</span> 
     </span>
     <span class='ocr_line' id='line_1_22' title="bbox 196 1210 1504 1275; baseline 0.002 -17"><span class='ocrx_word' id='word_1_95' title='bbox 196 1210 580 1275; x_wconf 89' lang='lat' dir='ltr'>praeceptisque</span> <span class='ocrx_word' id='word_1_96' title='bbox 616 1210 780 1259; x_wconf 89' lang='lat' dir='ltr'>uirum</span> <span class='ocrx_word' id='word_1_97' title='bbox 822 1210 1048 1260; x_wconf 87' lang='lat' dir='ltr'>sitientia</span> <span class='ocrx_word' id='word_1_98' title='bbox 1085 1213 1290 1274; x_wconf 91' lang='lat' dir='ltr'>pectora</span> <span class='ocrx_word' id='word_1_99' title='bbox 1326 1211 1504 1275; x_wconf 90' lang='lat' dir='ltr'>pande.</span> 
     </span>
     <span class='ocr_line' id='line_1_23' title="bbox 265 1277 1719 1346; baseline 0.002 -18"><span class='ocrx_word' id='word_1_100' title='bbox 265 1277 490 1343; x_wconf 84' lang='lat' dir='ltr'>Cynthia</span> <span class='ocrx_word' id='word_1_101' title='bbox 526 1296 639 1329; x_wconf 88' lang='lat' dir='ltr'>cum</span> <span class='ocrx_word' id='word_1_102' title='bbox 674 1280 896 1344; x_wconf 92' lang='lat' dir='ltr'>primum</span> <span class='ocrx_word' id='word_1_103' title='bbox 933 1280 1074 1329; x_wconf 86' lang='lat' dir='ltr'>caelo</span> <span class='ocrx_word' id='word_1_104' title='bbox 1112 1297 1246 1329; x_wconf 90' lang='lat' dir='ltr'>noua</span> <span class='ocrx_word' id='word_1_105' title='bbox 1284 1297 1473 1330; x_wconf 89' lang='lat' dir='ltr'>cornua</span> <span class='ocrx_word' id='word_1_106' title='bbox 1508 1282 1719 1346; x_wconf 84' lang='lat' dir='ltr'>promit,</span> 
     </span>
     <span class='ocr_line' id='line_1_24' title="bbox 195 1349 1758 1415; baseline 0.002 -18"><span class='ocrx_word' id='word_1_107' title='bbox 195 1350 370 1398; x_wconf 88' lang='lat' dir='ltr'>cautus</span> <span class='ocrx_word' id='word_1_108' title='bbox 407 1349 661 1414; x_wconf 90' lang='lat' dir='ltr'>utrimque</span> <span class='ocrx_word' id='word_1_109' title='bbox 698 1349 845 1399; x_wconf 89' lang='lat' dir='ltr'>deam</span> <span class='ocrx_word' id='word_1_110' title='bbox 883 1349 1231 1414; x_wconf 85' lang='lat' dir='ltr'>circumspice,</span> <span class='ocrx_word' id='word_1_111' title='bbox 1267 1366 1486 1415; x_wconf 90' lang='lat' dir='ltr'>namque</span> <span class='ocrx_word' id='word_1_112' title='bbox 1524 1354 1758 1402; x_wconf 87' lang='lat' dir='ltr'>reuectae</span> 
     </span>
     <span class='ocr_line' id='line_1_25' title="bbox 193 1418 1519 1485; baseline 0.002 -18"><span class='ocrx_word' id='word_1_113' title='bbox 193 1435 510 1483; x_wconf 90' lang='lat' dir='ltr'>nequaquam</span> <span class='ocrx_word' id='word_1_114' title='bbox 548 1435 745 1483; x_wconf 84' lang='lat' dir='ltr'>semper</span> <span class='ocrx_word' id='word_1_115' title='bbox 783 1418 963 1469; x_wconf 90' lang='lat' dir='ltr'>similis</span> <span class='ocrx_word' id='word_1_116' title='bbox 1001 1418 1088 1468; x_wconf 87' lang='lat' dir='ltr'>lux</span> <span class='ocrx_word' id='word_1_117' title='bbox 1123 1418 1291 1468; x_wconf 91' lang='lat' dir='ltr'>inbuit</span> <span class='ocrx_word' id='word_1_118' title='bbox 1330 1421 1519 1485; x_wconf 86' lang='lat' dir='ltr'>ortum,</span> 
     </span>
     <span class='ocr_line' id='line_1_26' title="bbox 195 1487 1468 1553; baseline 0.002 -17"><span class='ocrx_word' id='word_1_119' title='bbox 195 1487 280 1536; x_wconf 87' lang='lat' dir='ltr'>sed</span> <span class='ocrx_word' id='word_1_120' title='bbox 318 1487 510 1552; x_wconf 88' lang='lat' dir='ltr'>species</span> <span class='ocrx_word' id='word_1_121' title='bbox 547 1488 752 1538; x_wconf 87' lang='lat' dir='ltr'>diuersa</span> <span class='ocrx_word' id='word_1_122' title='bbox 786 1488 948 1538; x_wconf 82' lang='lat' dir='ltr'>trahit</span> <span class='ocrx_word' id='word_1_123' title='bbox 982 1488 1223 1553; x_wconf 89' lang='lat' dir='ltr'>uarioque</span> <span class='ocrx_word' id='word_1_124' title='bbox 1259 1490 1468 1538; x_wconf 88' lang='lat' dir='ltr'>notatur</span> 
     </span>
     <span class='ocr_line' id='line_1_27' title="bbox 192 1556 1479 1624; baseline 0.001 -18"><span class='ocrx_word' id='word_1_125' title='bbox 192 1556 482 1608; x_wconf 82' lang='lat' dir='ltr'>formarum.</span> <span class='ocrx_word' id='word_1_126' title='bbox 555 1557 709 1622; x_wconf 90' lang='lat' dir='ltr'>primi</span> <span class='ocrx_word' id='word_1_127' title='bbox 745 1574 859 1608; x_wconf 91' lang='lat' dir='ltr'>cum</span> <span class='ocrx_word' id='word_1_128' title='bbox 897 1558 1061 1623; x_wconf 87' lang='lat' dir='ltr'>surgit</span> <span class='ocrx_word' id='word_1_129' title='bbox 1096 1558 1302 1607; x_wconf 90' lang='lat' dir='ltr'>luminis</span> <span class='ocrx_word' id='word_1_130' title='bbox 1340 1558 1479 1624; x_wconf 82' lang='lat' dir='ltr'>igne,</span> 
     </span>
     <span class='ocr_line' id='line_1_28' title="bbox 193 1627 1568 1693; baseline 0.001 -17"><span class='ocrx_word' id='word_1_131' title='bbox 193 1627 346 1676; x_wconf 89' lang='lat' dir='ltr'>tertia</span> <span class='ocrx_word' id='word_1_132' title='bbox 382 1644 496 1677; x_wconf 88' lang='lat' dir='ltr'>cum</span> <span class='ocrx_word' id='word_1_133' title='bbox 533 1627 733 1693; x_wconf 88' lang='lat' dir='ltr'>rutilat,</span> <span class='ocrx_word' id='word_1_134' title='bbox 771 1644 885 1677; x_wconf 89' lang='lat' dir='ltr'>cum</span> <span class='ocrx_word' id='word_1_135' title='bbox 922 1627 1084 1677; x_wconf 88' lang='lat' dir='ltr'>maior</span> <span class='ocrx_word' id='word_1_136' title='bbox 1123 1627 1299 1677; x_wconf 90' lang='lat' dir='ltr'>sideris</span> <span class='ocrx_word' id='word_1_137' title='bbox 1339 1627 1568 1679; x_wconf 90' lang='lat' dir='ltr'>aethram</span> 
     </span>
     <span class='ocr_line' id='line_1_29' title="bbox 194 1696 1475 1763; baseline 0.001 -17"><span class='ocrx_word' id='word_1_138' title='bbox 194 1696 391 1746; x_wconf 89' lang='lat' dir='ltr'>scandit</span> <span class='ocrx_word' id='word_1_139' title='bbox 429 1700 479 1746; x_wconf 90' lang='lat' dir='ltr'>et</span> <span class='ocrx_word' id='word_1_140' title='bbox 515 1697 678 1746; x_wconf 90' lang='lat' dir='ltr'>aerias</span> <span class='ocrx_word' id='word_1_141' title='bbox 717 1699 898 1762; x_wconf 89' lang='lat' dir='ltr'>quarta</span> <span class='ocrx_word' id='word_1_142' title='bbox 935 1697 1045 1747; x_wconf 87' lang='lat' dir='ltr'>face</span> <span class='ocrx_word' id='word_1_143' title='bbox 1083 1697 1302 1746; x_wconf 89' lang='lat' dir='ltr'>luminat</span> <span class='ocrx_word' id='word_1_144' title='bbox 1339 1714 1475 1763; x_wconf 88' lang='lat' dir='ltr'>oras,</span> 
     </span>
     <span class='ocr_line' id='line_1_30' title="bbox 193 1766 1427 1832; baseline 0.002 -17"><span class='ocrx_word' id='word_1_145' title='bbox 193 1766 522 1832; x_wconf 87' lang='lat' dir='ltr'>ingredientis</span> <span class='ocrx_word' id='word_1_146' title='bbox 562 1767 657 1817; x_wconf 86' lang='lat' dir='ltr'>erit</span> <span class='ocrx_word' id='word_1_147' title='bbox 693 1767 841 1832; x_wconf 91' lang='lat' dir='ltr'>plene</span> <span class='ocrx_word' id='word_1_148' title='bbox 877 1767 972 1816; x_wconf 89' lang='lat' dir='ltr'>tibi</span> <span class='ocrx_word' id='word_1_149' title='bbox 1007 1768 1190 1816; x_wconf 87' lang='lat' dir='ltr'>nuntia</span> <span class='ocrx_word' id='word_1_150' title='bbox 1226 1767 1427 1817; x_wconf 86' lang='lat' dir='ltr'>mensis.</span> 
     </span>
     <span class='ocr_line' id='line_1_31' title="bbox 193 1835 1289 1901; baseline 0.001 -16"><span class='ocrx_word' id='word_1_151' title='bbox 193 1835 316 1886; x_wconf 89' lang='lat' dir='ltr'>haec</span> <span class='ocrx_word' id='word_1_152' title='bbox 354 1836 606 1901; x_wconf 84' lang='lat' dir='ltr'>castigato</span> <span class='ocrx_word' id='word_1_153' title='bbox 647 1836 690 1886; x_wconf 90' lang='lat' dir='ltr'>si</span> <span class='ocrx_word' id='word_1_154' title='bbox 726 1836 879 1886; x_wconf 84' lang='lat' dir='ltr'>tertia</span> <span class='ocrx_word' id='word_1_155' title='bbox 914 1836 1115 1886; x_wconf 83' lang='lat' dir='ltr'>fulserit</span> <span class='ocrx_word' id='word_1_156' title='bbox 1152 1838 1289 1901; x_wconf 90' lang='lat' dir='ltr'>ortu,</span> 
     </span>
     <span class='ocr_line' id='line_1_32' title="bbox 192 1905 1495 1971; baseline 0.002 -16"><span class='ocrx_word' id='word_1_157' title='bbox 192 1923 320 1971; x_wconf 90' lang='lat' dir='ltr'>pura</span> <span class='ocrx_word' id='word_1_158' title='bbox 357 1906 423 1955; x_wconf 92' lang='lat' dir='ltr'>sit</span> <span class='ocrx_word' id='word_1_159' title='bbox 459 1909 517 1956; x_wconf 89' lang='lat' dir='ltr'>ut</span> <span class='ocrx_word' id='word_1_160' title='bbox 552 1906 716 1956; x_wconf 80' lang='lat' dir='ltr'>foedis</span> <span class='ocrx_word' id='word_1_161' title='bbox 754 1906 818 1956; x_wconf 92' lang='lat' dir='ltr'>ab</span> <span class='ocrx_word' id='word_1_162' title='bbox 857 1906 1112 1971; x_wconf 78' lang='lat' dir='ltr'>sordibus„</span> <span class='ocrx_word' id='word_1_163' title='bbox 1151 1905 1326 1956; x_wconf 86' lang='lat' dir='ltr'>adfore</span> <span class='ocrx_word' id='word_1_164' title='bbox 1363 1906 1495 1957; x_wconf 87' lang='lat' dir='ltr'>dicet</span> 
     </span>
     <span class='ocr_line' id='line_1_33' title="bbox 194 1975 1410 2026; baseline 0.001 -2"><span class='ocrx_word' id='word_1_165' title='bbox 194 1975 329 2025; x_wconf 89' lang='lat' dir='ltr'>clara</span> <span class='ocrx_word' id='word_1_166' title='bbox 366 1992 543 2026; x_wconf 90' lang='lat' dir='ltr'>serena</span> <span class='ocrx_word' id='word_1_167' title='bbox 581 1975 680 2025; x_wconf 87' lang='lat' dir='ltr'>diu.</span> <span class='ocrx_word' id='word_1_168' title='bbox 750 1976 893 2025; x_wconf 85' lang='lat' dir='ltr'>tenui</span> <span class='ocrx_word' id='word_1_169' title='bbox 931 1976 1204 2025; x_wconf 86' lang='lat' dir='ltr'>surrexerit</span> <span class='ocrx_word' id='word_1_170' title='bbox 1241 1979 1410 2026; x_wconf 89' lang='lat' dir='ltr'>autem</span> 
     </span>
     <span class='ocr_line' id='line_1_34' title="bbox 195 2045 1397 2111; baseline 0 -17"><span class='ocrx_word' id='word_1_171' title='bbox 195 2045 237 2094; x_wconf 88' lang='lat' dir='ltr'>si</span> <span class='ocrx_word' id='word_1_172' title='bbox 273 2045 382 2095; x_wconf 85' lang='lat' dir='ltr'>face</span> <span class='ocrx_word' id='word_1_173' title='bbox 421 2048 472 2094; x_wconf 83' lang='lat' dir='ltr'>et</span> <span class='ocrx_word' id='word_1_174' title='bbox 508 2045 672 2111; x_wconf 86' lang='lat' dir='ltr'>ignito</span> <span class='ocrx_word' id='word_1_175' title='bbox 712 2046 1032 2110; x_wconf 85' lang='lat' dir='ltr'>suppinxerit</span> <span class='ocrx_word' id='word_1_176' title='bbox 1069 2062 1157 2095; x_wconf 90' lang='lat' dir='ltr'>ora</span> <span class='ocrx_word' id='word_1_177' title='bbox 1193 2046 1397 2106; x_wconf 90' lang='lat' dir='ltr'>rubore,</span> 
     </span>
     <span class='ocr_line' id='line_1_35' title="bbox 192 2114 1469 2181; baseline 0.001 -17"><span class='ocrx_word' id='word_1_178' title='bbox 192 2114 395 2164; x_wconf 82' lang='lat' dir='ltr'>turbida</span> <span class='ocrx_word' id='word_1_179' title='bbox 431 2118 681 2166; x_wconf 88' lang='lat' dir='ltr'>certantes</span> <span class='ocrx_word' id='word_1_180' title='bbox 719 2118 1021 2165; x_wconf 88' lang='lat' dir='ltr'>conuerrent</span> <span class='ocrx_word' id='word_1_181' title='bbox 1058 2132 1278 2181; x_wconf 87' lang='lat' dir='ltr'>aequora</span> <span class='ocrx_word' id='word_1_182' title='bbox 1315 2115 1469 2166; x_wconf 88' lang='lat' dir='ltr'>cauri.</span> 
     </span>
     <span class='ocr_line' id='line_1_36' title="bbox 193 2184 1549 2250; baseline 0.001 -17"><span class='ocrx_word' id='word_1_183' title='bbox 193 2185 397 2235; x_wconf 91' lang='lat' dir='ltr'>luminis</span> <span class='ocrx_word' id='word_1_184' title='bbox 434 2185 536 2235; x_wconf 88' lang='lat' dir='ltr'>ista</span> <span class='ocrx_word' id='word_1_185' title='bbox 573 2184 755 2235; x_wconf 90' lang='lat' dir='ltr'>dehinc</span> <span class='ocrx_word' id='word_1_186' title='bbox 794 2184 837 2234; x_wconf 86' lang='lat' dir='ltr'>si</span> <span class='ocrx_word' id='word_1_187' title='bbox 875 2184 1093 2235; x_wconf 89' lang='lat' dir='ltr'>crassior</span> <span class='ocrx_word' id='word_1_188' title='bbox 1131 2184 1293 2250; x_wconf 88' lang='lat' dir='ltr'>adque</span> <span class='ocrx_word' id='word_1_189' title='bbox 1329 2185 1549 2235; x_wconf 90' lang='lat' dir='ltr'>retunsis</span> 
     </span>
    </p>
   </div>
   <div class='ocr_carea' id='block_1_9' title="bbox 193 2297 528 2304">
    <p class='ocr_par' dir='ltr' id='par_1_9' title="bbox 193 2297 528 2304">
     <span class='ocr_line' id='line_1_37' title="bbox 193 2297 528 2304; baseline 0 0"><span class='ocrx_word' id='word_1_190' title='bbox 193 2297 528 2304; x_wconf 95' lang='lat' dir='ltr'> </span> 
     </span>
    </p>
   </div>
   <div class='ocr_carea' id='block_1_10' title="bbox 194 2349 1789 2727">
    <p class='ocr_par' dir='ltr' id='par_1_10' title="bbox 194 2349 1789 2727">
     <span class='ocr_line' id='line_1_38' title="bbox 308 2349 1786 2404; baseline 0 -13"><span class='ocrx_word' id='word_1_191' title='bbox 308 2354 413 2392; x_wconf 82' lang='lat'>1432</span> <span class='ocrx_word' id='word_1_192' title='bbox 445 2349 609 2391; x_wconf 77' lang='lat' dir='ltr'>sulfure</span> <span class='ocrx_word' id='word_1_193' title='bbox 638 2350 682 2392; x_wconf 84' lang='lat' dir='ltr'><strong><em>A</em></strong></span> <span class='ocrx_word' id='word_1_194' title='bbox 712 2350 884 2404; x_wconf 87' lang='lat' dir='ltr'>sulpore</span> <span class='ocrx_word' id='word_1_195' title='bbox 923 2349 966 2391; x_wconf 91' lang='lat' dir='ltr'><strong><em>V</em></strong></span> <span class='ocrx_word' id='word_1_196' title='bbox 990 2349 1136 2391; x_wconf 85' lang='lat' dir='ltr'>sufure</span> <span class='ocrx_word' id='word_1_197' title='bbox 1167 2363 1188 2392; x_wconf 85' lang='lat' dir='ltr'>e</span> <span class='ocrx_word' id='word_1_198' title='bbox 1275 2353 1384 2392; x_wconf 80' lang='lat'>1434</span> <span class='ocrx_word' id='word_1_199' title='bbox 1412 2351 1559 2392; x_wconf 87' lang='lat' dir='ltr'>motus</span> <span class='ocrx_word' id='word_1_200' title='bbox 1587 2362 1613 2391; x_wconf 84' lang='lat' dir='ltr'><strong><em>v</em></strong></span> <span class='ocrx_word' id='word_1_201' title='bbox 1643 2351 1786 2392; x_wconf 85' lang='lat' dir='ltr'>metus</span> 
     </span>
     <span class='ocr_line' id='line_1_39' title="bbox 201 2404 1786 2460; baseline 0.001 -14"><span class='ocrx_word' id='word_1_202' title='bbox 201 2404 318 2448; x_wconf 84' lang='lat' dir='ltr'>VAe</span> <span class='ocrx_word' id='word_1_203' title='bbox 447 2409 554 2448; x_wconf 84' lang='lat'>1435</span> <span class='ocrx_word' id='word_1_204' title='bbox 590 2405 863 2460; x_wconf 87' lang='lat' dir='ltr'>flammigero</span> <span class='ocrx_word' id='word_1_205' title='bbox 899 2418 920 2447; x_wconf 88' lang='lat' dir='ltr'>e</span> <span class='ocrx_word' id='word_1_206' title='bbox 954 2404 1182 2459; x_wconf 83' lang='lat' dir='ltr'>fiamigero</span> <span class='ocrx_word' id='word_1_207' title='bbox 1226 2405 1308 2447; x_wconf 86' lang='lat' dir='ltr'>VA</span> <span class='ocrx_word' id='word_1_208' title='bbox 1436 2410 1543 2447; x_wconf 82' lang='lat'>1436</span> <span class='ocrx_word' id='word_1_209' title='bbox 1579 2404 1786 2447; x_wconf 86' lang='lat' dir='ltr'>iuuencos</span> 
     </span>
     <span class='ocr_line' id='line_1_40' title="bbox 202 2460 1788 2516; baseline 0.001 -14"><span class='ocrx_word' id='word_1_210' title='bbox 202 2460 318 2503; x_wconf 85' lang='lat' dir='ltr'>VAe</span> <span class='ocrx_word' id='word_1_211' title='bbox 352 2460 522 2516; x_wconf 86' lang='lat' dir='ltr'>iugales</span> <span class='ocrx_word' id='word_1_212' title='bbox 558 2474 583 2503; x_wconf 81' lang='lat' dir='ltr'><strong><em>v</em></strong></span> <span class='ocrx_word' id='word_1_213' title='bbox 673 2466 779 2503; x_wconf 79' lang='lat'>1437</span> <span class='ocrx_word' id='word_1_214' title='bbox 816 2474 1024 2515; x_wconf 88' lang='lat' dir='ltr'>peperere</span> <span class='ocrx_word' id='word_1_215' title='bbox 1060 2474 1081 2502; x_wconf 89' lang='lat' dir='ltr'>e</span> <span class='ocrx_word' id='word_1_216' title='bbox 1110 2473 1260 2515; x_wconf 86' lang='lat' dir='ltr'>perere</span> <span class='ocrx_word' id='word_1_217' title='bbox 1298 2460 1380 2503; x_wconf 84' lang='lat' dir='ltr'>VA</span> <span class='ocrx_word' id='word_1_218' title='bbox 1407 2463 1423 2515; x_wconf 83' lang='grc' dir='ltr'>ΙΙ</span> <span class='ocrx_word' id='word_1_219' title='bbox 1452 2461 1632 2504; x_wconf 85' lang='lat' dir='ltr'>deorum</span> <span class='ocrx_word' id='word_1_220' title='bbox 1671 2461 1788 2504; x_wconf 81' lang='lat' dir='ltr'>VAe</span> 
     </span>
     <span class='ocr_line' id='line_1_41' title="bbox 194 2516 1787 2570; baseline 0.001 -13"><span class='ocrx_word' id='word_1_221' title='bbox 194 2516 394 2558; x_wconf 88' lang='lat' dir='ltr'>deorsum</span> <span class='ocrx_word' id='word_1_222' title='bbox 429 2530 454 2558; x_wconf 83' lang='lat' dir='ltr'><em>v</em></span> <span class='ocrx_word' id='word_1_223' title='bbox 491 2517 546 2569; x_wconf 83' lang='lat' dir='ltr'>cf.</span> <span class='ocrx_word' id='word_1_224' title='bbox 576 2517 754 2560; x_wconf 81' lang='lat' dir='ltr'>Hermes</span> <span class='ocrx_word' id='word_1_225' title='bbox 786 2517 916 2558; x_wconf 89' lang='lat' dir='ltr'>XVI</span> <span class='ocrx_word' id='word_1_226' title='bbox 941 2530 989 2570; x_wconf 77' lang='lat' dir='ltr'>p.</span> <span class='ocrx_word' id='word_1_227' title='bbox 1020 2520 1101 2559; x_wconf 88' lang='lat'>131</span> <span class='ocrx_word' id='word_1_228' title='bbox 1139 2530 1182 2559; x_wconf 76' lang='lat' dir='ltr'>n.</span> <span class='ocrx_word' id='word_1_229' title='bbox 1213 2519 1271 2559; x_wconf 81' lang='lat'>92</span> <span class='ocrx_word' id='word_1_230' title='bbox 1387 2521 1494 2558; x_wconf 81' lang='lat'>1442</span> <span class='ocrx_word' id='word_1_231' title='bbox 1530 2516 1787 2570; x_wconf 89' lang='lat' dir='ltr'>rabiemque</span> 
     </span>
     <span class='ocr_line' id='line_1_42' title="bbox 202 2571 1789 2626; baseline 0.001 -14"><span class='ocrx_word' id='word_1_232' title='bbox 202 2571 243 2612; x_wconf 91' lang='lat' dir='ltr'><strong><em>V</em></strong></span> <span class='ocrx_word' id='word_1_233' title='bbox 267 2571 476 2625; x_wconf 80' lang='lat' dir='ltr'>rabieque</span> <span class='ocrx_word' id='word_1_234' title='bbox 499 2573 542 2615; x_wconf 88' lang='lat' dir='ltr'><strong><em>A</em></strong></span> <span class='ocrx_word' id='word_1_235' title='bbox 610 2577 716 2615; x_wconf 84' lang='lat'>1453</span> <span class='ocrx_word' id='word_1_236' title='bbox 749 2573 833 2614; x_wconf 86' lang='lat' dir='ltr'>erit</span> <span class='ocrx_word' id='word_1_237' title='bbox 860 2573 989 2626; x_wconf 87' lang='lat' dir='ltr'>plene</span> <span class='ocrx_word' id='word_1_238' title='bbox 1012 2585 1032 2614; x_wconf 86' lang='lat' dir='ltr'>e</span> <span class='ocrx_word' id='word_1_239' title='bbox 1056 2572 1180 2625; x_wconf 89' lang='lat' dir='ltr'>eritq.</span> <span class='ocrx_word' id='word_1_240' title='bbox 1203 2573 1302 2614; x_wconf 86' lang='lat' dir='ltr'>lene</span> <span class='ocrx_word' id='word_1_241' title='bbox 1335 2572 1417 2613; x_wconf 81' lang='lat' dir='ltr'>VA</span> <span class='ocrx_word' id='word_1_242' title='bbox 1484 2576 1592 2615; x_wconf 84' lang='lat'>1454</span> <span class='ocrx_word' id='word_1_243' title='bbox 1614 2572 1789 2615; x_wconf 86' lang='lat' dir='ltr'>fulserit</span> 
     </span>
     <span class='ocr_line' id='line_1_43' title="bbox 202 2627 1786 2682; baseline 0.001 -14"><span class='ocrx_word' id='word_1_244' title='bbox 202 2627 244 2668; x_wconf 93' lang='lat' dir='ltr'><strong><em>V</em></strong></span> <span class='ocrx_word' id='word_1_245' title='bbox 273 2628 456 2670; x_wconf 83' lang='lat' dir='ltr'>fulxerit</span> <span class='ocrx_word' id='word_1_246' title='bbox 491 2628 534 2670; x_wconf 80' lang='lat' dir='ltr'><strong><em>A</em></strong></span> <span class='ocrx_word' id='word_1_247' title='bbox 657 2632 763 2671; x_wconf 88' lang='lat'>1458</span> <span class='ocrx_word' id='word_1_248' title='bbox 803 2630 1061 2671; x_wconf 87' lang='lat' dir='ltr'>conuerrent</span> <span class='ocrx_word' id='word_1_249' title='bbox 1106 2628 1147 2669; x_wconf 95' lang='lat' dir='ltr'><strong><em>V</em></strong></span> <span class='ocrx_word' id='word_1_250' title='bbox 1180 2629 1438 2671; x_wconf 87' lang='lat' dir='ltr'>conuertent</span> <span class='ocrx_word' id='word_1_251' title='bbox 1483 2628 1524 2669; x_wconf 90' lang='lat' dir='ltr'><strong><em>V</em></strong></span> <span class='ocrx_word' id='word_1_252' title='bbox 1555 2630 1569 2682; x_wconf 78' lang='lat' dir='ltr'>fl</span> <span class='ocrx_word' id='word_1_253' title='bbox 1606 2628 1726 2671; x_wconf 87' lang='lat' dir='ltr'>cauri</span> <span class='ocrx_word' id='word_1_254' title='bbox 1761 2642 1786 2670; x_wconf 84' lang='lat' dir='ltr'><em>v</em></span> 
     </span>
     <span class='ocr_line' id='line_1_44' title="bbox 194 2684 498 2727; baseline 0.007 -2"><span class='ocrx_word' id='word_1_255' title='bbox 194 2684 345 2726; x_wconf 85' lang='lat' dir='ltr'>chauri</span> <span class='ocrx_word' id='word_1_256' title='bbox 381 2684 498 2727; x_wconf 82' lang='lat' dir='ltr'>VAe</span> 
     </span>
    </p>
   </div>
   <div class='ocr_carea' id='block_1_11' title="bbox 1812 528 1873 558">
    <p class='ocr_par' dir='ltr' id='par_1_11' title="bbox 1812 528 1873 558">
     <span class='ocr_line' id='line_1_45' title="bbox 1812 528 1873 558; baseline 0.033 -2"><span class='ocrx_word' id='word_1_257' title='bbox 1812 528 1873 558; x_wconf 86' lang='lat'>110</span> 
     </span>
    </p>
   </div>
   <div class='ocr_carea' id='block_1_12' title="bbox 1811 873 1872 905">
    <p class='ocr_par' dir='ltr' id='par_1_12' title="bbox 1811 873 1872 905">
     <span class='ocr_line' id='line_1_46' title="bbox 1811 873 1872 905; baseline 0 0"><span class='ocrx_word' id='word_1_258' title='bbox 1811 873 1872 905; x_wconf 83' lang='lat'>115</span> 
     </span>
    </p>
   </div>
   <div class='ocr_carea' id='block_1_13' title="bbox 1810 1223 1871 1253">
    <p class='ocr_par' dir='ltr' id='par_1_13' title="bbox 1810 1223 1871 1253">
     <span class='ocr_line' id='line_1_47' title="bbox 1810 1223 1871 1253; baseline 0.016 -1"><span class='ocrx_word' id='word_1_259' title='bbox 1810 1223 1871 1253; x_wconf 83' lang='lat'>120</span> 
     </span>
    </p>
   </div>
   <div class='ocr_carea' id='block_1_14' title="bbox 1811 1570 1870 1602">
    <p class='ocr_par' dir='ltr' id='par_1_14' title="bbox 1811 1570 1870 1602">
     <span class='ocr_line' id='line_1_48' title="bbox 1811 1570 1870 1602; baseline 0.034 -2"><span class='ocrx_word' id='word_1_260' title='bbox 1811 1570 1870 1602; x_wconf 76' lang='lat'>125</span> 
     </span>
    </p>
   </div>
   <div class='ocr_carea' id='block_1_15' title="bbox 1809 1918 1871 1950">
    <p class='ocr_par' dir='ltr' id='par_1_15' title="bbox 1809 1918 1871 1950">
     <span class='ocr_line' id='line_1_49' title="bbox 1809 1918 1871 1950; baseline 0.032 -2"><span class='ocrx_word' id='word_1_261' title='bbox 1809 1918 1871 1950; x_wconf 85' lang='lat'>130</span> 
     </span>
    </p>
   </div>
  </div>
 </body>
</html>
