1916 2944
730 123 798 128 —-
870 106 988 143 XVII
1063 120 1125 127 -

125 206 260 256 haud
293 222 474 271 parum
506 205 710 270 arridet,
746 208 919 255 tamen
948 204 1083 270 quod
1112 203 1300 254 Auieni
1329 203 1449 254 libri
1479 204 1728 268 praebent

124 274 512 341 praeferendum
550 292 660 325 esse
699 291 893 325 censeo.
964 291 1084 323 nam
1114 272 1618 324 Lacedaemoniis
1649 274 1726 323 ui—

125 346 273 395 detur
309 362 418 395 esse
455 361 603 395 casus
636 344 834 409 tertius,
869 346 927 393 ut
956 361 1068 394 eam
1098 361 1276 394 uocem
1307 345 1514 394 auctore
1545 342 1724 393 Grotio

125 432 239 466 cum
275 413 582 480 Aphidnis
621 414 861 481 coniungi
897 430 1104 464 necesse
1140 430 1246 464 non
1283 414 1364 463 sit.

262 483 373 534 Iam
417 501 537 535 uero
581 484 678 550 illi,
724 484 811 549 qui
855 502 903 534 u.
940 482 1043 545 582
1089 500 1176 533 sex
1221 483 1357 533 solas
1396 500 1422 533 e
1460 483 1724 534 Pleiadum

123 570 334 604 numero
372 555 511 604 cerni
555 554 778 604 carmine
823 540 1034 618 adserit,
1081 570 1270 604 nomen
1314 556 1395 604 est
1431 552 1724 619 Minthes,

123 623 257 690 quod
293 626 429 674 recte
465 624 677 689 praebet
722 624 776 688 V,
812 640 919 673 non
955 623 1267 688 Mynthes,
1305 623 1440 688 quod
1478 594 1724 688 scriptuni

122 696 202 743 est
244 694 299 743 in
341 693 412 759 A,
464 696 554 744 aut
596 695 894 758 Amyntas
946 696 1034 742 aut
1079 691 1455 758 Smintheus,
1506 710 1723 758 quorum

120 763 383 814 nominum
419 763 548 813 illud
585 762 650 813 N.
684 762 949 828 HeinsiuS,
990 763 1089 812 hoc
1125 762 1163 813 I.
1202 760 1583 813 Schaubachius
1622 764 1721 812 sibi

123 833 445 898 excogitauit.
494 832 730 883 Minthen
761 835 929 883 autem
960 848 1070 882 esse
1093 832 1322 898 eundem,
1354 833 1439 898 qui
1463 831 1722 883 Sminthes

122 905 272 968 esset,
308 903 410 952 iam
450 903 514 952 ab
554 903 666 953 aliis
702 903 1021 953 intellectum
1058 904 1137 952 est
1173 903 1234 952 cf.
1266 901 1321 952 O.
1351 902 1560 969 Robert,
1596 902 1723 952 Era·

120 971 344 1023 tosthen.
382 975 618 1022 cataster.
655 973 801 1038 reliq.
838 991 884 1037 p.
923 973 989 1022 28
1015 989 1087 1037 sq.

259 1041 425 1092 Venio
478 1042 542 1092 ad
593 1059 679 1093 eos
731 1043 894 1106 locos,
950 1059 1076 1107 quos
1128 1042 1398 1093 mutandos
1452 1059 1563 1093 esse
1609 1043 1722 1107 ipse

122 1112 300 1162 sentio.
372 1112 470 1161 etsi
505 1112 559 1162 in
596 1112 841 1177 producta
878 1112 1078 1177 syllaba
1113 1112 1282 1177 priore
1320 1112 1561 1163 uocabuli
1598 1116 1722 1162 sta·

119 1182 248 1247 tim,
283 1184 555 1247 postquam
593 1199 651 1232 ea
685 1182 745 1231 de
774 1199 828 1232 re
859 1182 1142 1247 disputauit
1171 1181 1454 1232 Fridericus
1485 1182 1718 1232 Ritsche-

119 1251 219 1301 lius
256 1251 311 1300 in
348 1268 407 1301 eo
443 1251 632 1316 libello,
669 1253 756 1318 qui
785 1251 1079 1302 inscribitur
1107 1251 1170 1301 de
1203 1252 1446 1302 fictilibus
1478 1252 1721 1302 litteratis

118 1319 317 1370 Latinis
364 1321 730 1386 antiquissimis
768 1319 975 1388 (Opusc.
1011 1320 1086 1371 IV
1123 1340 1171 1387 p.
1209 1321 1312 1371 274
1336 1319 1489 1389 sqq),
1534 1322 1721 1372 offendi

117 1407 222 1441 non
251 1390 417 1455 debet,
445 1393 620 1440 tamen
648 1408 695 1441 u.
720 1391 821 1441 398
852 1393 1147 1456 corruptum
1178 1408 1289 1441 esse
1312 1392 1563 1442 existimo.
1599 1409 1721 1442 nam

117 1460 171 1510 in
196 1459 293 1510 hoc
322 1476 476 1510 uersu
505 1463 678 1511 mouet
706 1478 787 1510 me
817 1477 974 1510 unum
1004 1460 1143 1525 illud,
1173 1461 1309 1527 quod
1340 1462 1549 1512 statim
1572 1462 1721 1511 unius

119 1529 356 1580 editionis
399 1529 614 1580 Aldinae
667 1531 969 1581 auctoritate
1020 1531 1293 1596 probatum
1343 1530 1613 1596 habemus3
1665 1532 1722 1582 in

117 1599 265 1649 libris
325 1602 497 1650 autem
547 1618 703 1650 manu
756 1601 959 1666 scriptis
1012 1603 1063 1650 et
1113 1600 1166 1650 in
1220 1601 1442 1651 editione
1493 1602 1721 1667 principe

119 1669 364 1735 scriptum
402 1672 480 1720 est
517 1670 708 1721 statio
754 1671 1029 1737 mergite.
1079 1670 1214 1735 quod
1251 1687 1360 1720 cum
1401 1688 1579 1722 uerum
1609 1689 1720 1722 esse

119 1742 363 1805 nequeat,
407 1740 607 1791 haesito
653 1757 719 1790 an
761 1757 875 1790 cum
911 1739 974 1790 N.
1010 1738 1226 1791 Heinsio
1266 1739 1589 1791 scribendum
1628 1742 1719 1791 sit:

245 1812 355 1859 tum
393 1809 589 1861 succisa
627 1808 779 1860 Ceres
819 1810 999 1860 strati
1035 1827 1150 1860 cum
1187 1810 1402 1876 mergite
1440 1811 1595 1861 culmi

248 1880 574 1931 construitur.

260 1948 392 2008 Quid
429 1966 549 1999 uero
588 1950 685 2001 sibi
724 1951 852 2000 uelit
889 1968 935 1999 u.
973 1950 1090 2015 819,
1125 1966 1230 2000 non
1265 1916 1526 2016 intellego,
1597 1968 1718 2002 nam

118 2021 286 2099 poeta,
302 2021 543 2085 quoniam
567 2020 745 2071 stellas
768 2021 886 2070 illas
912 2021 1048 2070 inter
1070 2021 1236 2070 cetum
1252 2022 1304 2070 et
1321 2021 1718 2100 gubernaculum

118 2089 266 2139 nauis
309 2090 403 2139 sub
454 2090 627 2155 lepore
677 2091 874 2155 positas
926 2092 976 2139 et
1025 2089 1218 2140 formae
1268 2090 1591 2156 nominisque
1639 2110 1719 2142 ex-

119 2161 287 2224 pertes
333 2159 488 2210 simili
531 2161 642 2212 luce
686 2177 797 2211 esse
842 2162 894 2210 et
931 2160 1044 2225 pari
1079 2160 1232 2210 modo
1271 2177 1330 2210 ac
1365 2161 1558 2225 pariter
1595 2162 1719 2211 oriri

122 2231 172 2278 et
208 2229 432 2280 occidere
470 2231 717 2296 exposuit,
756 2230 897 2280 addit
923 2230 1065 2295 haec,
1102 2247 1229 2295 quae
1258 2231 1334 2280 ita
1364 2233 1484 2280 sunt
1513 2231 1567 2281 in
1605 2231 1717 2282 VA:

196 2315 290 2350 nec
328 2301 640 2366 expectanda
676 2301 845 2351 forent
880 2303 1036 2365 ponto
1075 2300 1209 2365 quod
1248 2300 1358 2351 sola
1394 2305 1637 2351 carerent.

121 2369 302 2435 quodsi
344 2370 456 2436 illa,
501 2387 630 2436 quae
675 2372 738 2421 ab
777 2371 974 2420 Auieno
1018 2369 1209 2419 tradita
1253 2385 1362 2420 esse
1405 2370 1557 2421 modo
1598 2371 1717 2435 dixi,

119 2440 488 2505 reputauimuS,
540 2440 679 2490 haud
724 2440 828 2491 scio
876 2457 942 2490 an
986 2439 1320 2505 suspicemur,
1370 2456 1484 2489 eum
1527 2459 1576 2492 u.
1613 2441 1714 2491 819

120 2507 282 2558 dicere
324 2510 569 2576 uoluisse,
615 2527 728 2560 cum
771 2527 852 2560 res
896 2510 972 2559 ita
1016 2527 1068 2559 se
1108 2509 1344 2574 haberet,
1387 2510 1502 2560 illas
1540 2511 1716 2560 stellas

121 2577 301 2644 dignas
336 2579 469 2645 fore,
514 2597 643 2646 quae
681 2582 1034 2646 spectarentur
1070 2582 1122 2628 et
1158 2579 1572 2645 obseruarentur,
1615 2581 1716 2630 nisi

120 2647 287 2698 forma
329 2652 468 2700 certa
504 2654 748 2702 carerent.
820 2667 881 2700 ex
918 2649 991 2700 eis
1029 2652 1220 2716 autem,
1265 2666 1392 2715 quae
1428 2650 1576 2700 nobis
1613 2653 1714 2700 tra-

204 2738 337 2769 Auieni
360 2738 492 2771 Aratea
514 2739 566 2772 ed.
590 2739 751 2779 Breysig.
1431 2732 1459 2774 b
