1916 2944
93 529 200 568 1315

92 877 198 916 1320

90 1227 195 1264 1325

87 1576 194 1614 1330

862 128 1202 179 -54-

233 255 326 289 nec
363 239 512 288 lateri
549 238 733 303 pistrix
769 238 1006 304 cuiquam
1041 238 1212 290 uicina
1247 238 1469 306 uidetur,-

234 307 322 358 sed
358 309 462 358 iam
497 310 610 359 tota
648 325 797 373 super
834 308 1138 359 sustollitur:
1175 309 1350 374 expuit
1386 312 1550 360 atram

231 378 335 427 iam
371 378 587 445 pelagus
626 378 844 444 speciem
879 395 972 428 nec
1008 378 1172 429 adhuc
1207 381 1379 429 tamen
1415 381 1603 430 extima
1641 380 1826 431 sorbet.

233 447 353 513 quid
389 464 525 498 nunc
561 449 818 500 nascentis
858 450 1117 513 suspectat
1151 449 1328 499 nauita
1363 453 1520 515 ponto

232 517 438 596 agmina
474 518 641 583 prima
676 517 801 568 Padi
839 519 977 568 caelo
1015 520 1126 568 tum
1161 518 1358 569 feruere
1396 522 1572 585 aperto

230 587 522 653 uicinasque
558 587 695 638 faces
731 587 871 637 rutili
908 590 1081 638 manet
1119 587 1361 639 Orionis?

230 656 479 707 curricula
515 659 574 707 ut
610 658 788 708 sollers
826 674 948 708 uero
986 675 1105 708 mox
1141 658 1307 708 indice
1347 658 1512 710 discat

230 729 368 776 certa
404 727 726 777 tenebrarum
762 727 1024 792 possitque
1061 727 1282 778 fideliter
1319 731 1456 779 astro

229 796 492 862 explorare
528 800 678 848 notos
715 799 767 847 et
802 800 914 847 tuto
953 797 1164 847 carbasa
1200 800 1374 862 pont0.

230 866 402 932 credo,
436 867 492 916 ni
529 867 660 917 desit
694 883 997 933 magnorum
1034 884 1260 934 congrua
1296 885 1435 933 cura,

228 939 466 1001 prompta
502 937 588 986 uia
624 939 701 986 est
736 938 848 1002 ipso
886 953 1190 1003 cognoscere
1226 937 1349 987 talia
1387 954 1584 1002 semper

228 1009 558 1071 praeceptore
593 1006 716 1057 Ioue
754 1009 805 1057 et
841 1007 980 1058 caelo
1018 1007 1116 1057 tibi
1154 1007 1303 1074 signa
1338 1008 1587 1074 magistro

229 1075 399 1125 omnia
435 1076 695 1127 ducentur.
765 1079 942 1127 monet
979 1077 1083 1126 alta
1118 1076 1352 1142 Iuppiter
1391 1077 1570 1127 aethra

229 1145 431 1211 singula
466 1163 584 1211 nos,
621 1146 783 1196 facilis
822 1163 996 1196 ueram
1033 1146 1169 1198 dedit
1205 1147 1395 1197 arbiter
1432 1149 1615 1213 artem,

227 1231 292 1265 ne
328 1218 693 1281 tempestatum
729 1215 1009 1281 primordia
1046 1233 1196 1267 caeca
1231 1217 1461 1267 laterent.

296 1284 478 1336 Nonne
515 1286 677 1347 uides,
713 1286 935 1351 primum
973 1303 1085 1336 cum
1115 1286 1320 1338 Phoebe
1354 1286 1410 1336 in
1441 1303 1632 1337 cornua
1662 1286 1825 1353 surgit

226 1355 400 1405 tenuia
438 1358 489 1405 et
526 1358 744 1422 angusto
783 1356 956 1406 lumen
991 1356 1114 1407 iacit
1151 1373 1236 1406 ore
1272 1373 1363 1421 per
1401 1356 1628 1406 aethram

227 1424 498 1475 decedente
536 1426 615 1476 die
652 1443 913 1491 pronoque
951 1426 1013 1476 ab
1051 1427 1257 1476 tramite
1296 1426 1438 1491 soliS‚

226 1497 431 1559 promat
466 1498 525 1545 ut
559 1496 782 1562 ingressi
819 1496 999 1546 sollers
1036 1495 1131 1546 tibi
1169 1498 1404 1561 tempora
1439 1495 1666 1547 mensis?

226 1581 446 1631 namque
483 1565 647 1616 facem
685 1565 856 1632 quarti
893 1566 1096 1616 sibimet
1131 1566 1454 1631 profitebitur
1490 1565 1646 1633 ignis,

227 1651 442 1699 corpora
479 1651 594 1685 eum
630 1636 851 1700 primum
887 1634 1194 1701 perfundens
1230 1636 1420 1686 lumine
1457 1638 1635 1686 nostra

227 1704 277 1754 in
320 1705 548 1755 subiecta
585 1705 683 1756 soli
718 1708 924 1755 tenuem
959 1706 1244 1771 porrexerit
1278 1705 1525 1757 umbram.

337 1860 445 1899 1312
478 1856 727 1899 sustollitur
757 1856 910 1910 expuit
939 1856 981 1898 V
1005 1857 1345 1910 quattuordecim
1367 1857 1610 1900 litterarum
1631 1858 1820 1910 spatium

223 1925 414 1954 uacuum
448 1913 621 1965 praebet
654 1913 693 1954 A
813 1917 919 1954 1313
959 1914 1108 1955 sorbet
1136 1913 1314 1955 Grotius
1352 1913 1529 1956 sorbent
1567 1913 1609 1953 V
1641 1913 1819 1955 sorbens

222 1967 265 2007 A
326 1971 434 2009 1314
463 1981 580 2010 nunc
610 1967 840 2011 Schraderi
870 1970 1195 2011 commentarius
1223 1969 1366 2011 Berol.
1399 1970 1451 2020 ef.
1484 1968 1662 2010 Hermes
1694 1968 1824 2010 XVI

222 2037 263 2063 n.
296 2026 388 2067 122
417 2037 460 2065 u.
493 2027 549 2066 71
579 2038 633 2066 ne
672 2024 754 2067 VA
842 2029 947 2067 1317
980 2025 1134 2067 sollers
1163 2026 1332 2067 correxi
1359 2025 1494 2067 solers
1532 2024 1574 2065 V
1599 2024 1712 2066 soles
1742 2024 1785 2065 A
1807 2025 1822 2080 Η

222 2093 327 2120 uero
367 2079 409 2120 V
440 2081 562 2122 sueto
593 2081 635 2122 A
753 2085 859 2122 1319
898 2081 943 2123 et
978 2094 999 2123 e
1035 2083 1086 2122 ut
1123 2081 1204 2122 VA
1320 2084 1427 2122 1320
1458 2080 1586 2123 credo
1626 2079 1667 2121 V
1693 2081 1819 2123 crede

222 2135 266 2176 A
295 2136 309 2188 ΙΙ
339 2135 383 2176 ni
421 2135 537 2177 desit
575 2136 617 2177 V
648 2136 846 2179 undecim
875 2137 1117 2179 litterarum
1145 2137 1334 2190 spatium
1363 2149 1552 2178 uacuum
1580 2136 1706 2178 habet
1734 2138 1776 2177 A
1807 2137 1819 2191 Η

222 2203 485 2244 magnorum
532 2191 573 2232 V
613 2205 873 2246 magnarum
909 2193 952 2233 A
988 2194 1003 2246 ΙΙ
1039 2205 1232 2245 congrua
1275 2193 1316 2234 V
1353 2193 1540 2246 quinque
1577 2192 1820 2234 litterarum

222 2247 412 2299 spatium
447 2261 638 2289 uacuum
667 2249 846 2302 praebet
878 2249 922 2289 A
1066 2253 1171 2290 1321
1210 2251 1416 2302 prompta
1453 2262 1472 2289 e
1508 2249 1636 2301 prbta
1675 2247 1716 2288 V
1739 2261 1817 2301 pro

226 2305 264 2341 Α,
295 2303 309 2355 ΙΙ
339 2302 413 2344 uia
452 2303 491 2343 V
516 2308 671 2356 septem
715 2304 956 2346 litterarum
992 2305 1182 2357 spatium
1219 2317 1406 2346 uacuum
1431 2304 1607 2356 praebet
1636 2303 1677 2344 A
1708 2305 1722 2358 ΙΙ
1751 2305 1819 2345 est

232 2358 272 2398 V
299 2359 343 2400 et
373 2360 414 2400 A
437 2361 452 2412 ΙΙ
475 2372 738 2413 cognoscere
766 2360 878 2402 talia
908 2360 950 2402 V
977 2361 1261 2414 cognosceret
1282 2359 1372 2401 alia
1401 2359 1442 2401 A
1559 2363 1664 2400 1322
1695 2372 1817 2413 prae-

222 2415 400 2467 ceptore
440 2415 481 2455 V
514 2416 634 2469 preci
663 2415 708 2457 A
735 2417 750 2469 ΙΙ
779 2416 883 2458 Ioue
917 2417 963 2457 et
992 2416 1115 2458 caelo
1154 2415 1196 2457 V
1220 2416 1415 2458 undecim
1446 2415 1687 2458 litterarum
1716 2427 1817 2468 spa-

223 2471 332 2512 tium
367 2483 556 2513 uacuum
586 2472 765 2525 praebet
793 2472 836 2513 A
865 2473 880 2526 ΙΙ
915 2471 999 2514 tibi
1037 2471 1078 2512 V
1103 2471 1157 2514 de
1186 2471 1270 2514 tibi
1298 2472 1341 2513 A
1453 2484 1496 2513 u.
1529 2473 1818 2514 1323-1334

222 2526 381 2568 omittit
410 2531 449 2569 et
470 2540 556 2580 pro
586 2528 645 2569 eis
666 2528 863 2570 undecim
886 2528 1162 2570 duodecimue
1184 2528 1396 2570 linearum
1417 2527 1607 2579 spatium
1629 2539 1816 2569 uacuum

215 2582 394 2634 praebet
431 2583 473 2624 A
587 2597 629 2624 u.
663 2586 780 2627 1326
820 2584 1076 2626 inscribitur
1111 2582 1512 2626 PROGNOSTICA
1558 2584 1678 2635 apud
1717 2583 1816 2624 Mo-

221 2638 374 2679 relium
411 2639 465 2701 ef.
497 2639 854 2703 proqr.Erfu1t
894 2654 934 2682 a
964 2642 1081 2682 1882
1116 2653 1159 2692 29.
1191 2639 1225 2680 I
1254 2652 1312 2694 sq.
1487 2643 1594 2680 1329
1632 2638 1816 2692 ingressi

223 2692 402 2735 Grotius
430 2694 639 2748 ingressis
678 2694 720 2735 V
