1916 2944
807 103 1145 154 -61-

69 227 149 266 485
181 215 400 266 suffusus
438 215 615 280 rutilo,
651 232 771 265 mox
806 217 1107 280 tempestate
1146 231 1324 264 sonora
1794 229 1854 260 160

179 302 475 351 spumosum
510 285 612 334 late
647 285 862 351 pelagus
900 301 1161 336 canescere
1198 300 1384 334 cernes,

179 355 342 405 maior
378 357 428 404 et
462 354 588 404 haec
623 355 763 404 rauci
798 355 1027 405 uersabit
1063 354 1283 420 gurgitis
1320 353 1504 417 undas,

179 425 292 490 ipsa
330 441 528 490 quoque
564 425 815 475 inmodice
852 425 895 474 si
931 426 1130 475 uultum
1166 424 1287 473 luna
1323 424 1572 474 rubescat.

250 492 636 558 Contemplator
673 494 816 559 item,
856 511 944 545 seu
981 495 1188 560 plenum
1226 493 1432 543 luminis
1470 494 1643 543 orbem

1 587 27 629 w
69 576 149 614 490
180 562 398 629 Cynthia
435 563 697 628 distendit,
736 580 822 613 seu
860 581 973 614 cum
1009 566 1143 614 teres
1182 563 1403 613 ambitus
1443 563 1532 613 olli
1794 577 1853 610 165

180 633 404 683 caeditur
441 635 491 682 et
526 633 720 683 mediae
756 635 898 684 uelut
934 633 1111 700 indiga
1146 633 1274 683 lucis
1311 633 1564 699 utrimque

180 703 398 753 sustinet
435 703 680 753 obductae
720 703 923 753 sibimet
960 703 1223 768 dispendia
1258 703 1474 767 formae,

180 789 368 822 cornua
404 772 571 836 prima
606 772 808 838 replens
846 776 898 823 et
934 790 1124 823 cornua
1161 772 1296 823 fessa
1332 773 1611 823 dehiscens.

180 842 345 892 induit
383 859 440 892 ac
478 843 679 907 qualem
715 843 991 908 procedens
1031 860 1115 894 ore
1153 843 1396 907 colorem,
1621 854 1628 860 ’

6 922 149 970 <1495
180 911 314 962 hunc
349 912 601 977 perpende
639 913 820 978 oculis,
857 913 970 978 ipso
1009 913 1260 963 monitore
1298 912 1491 962 dierum
1795 928 1855 958 170

181 982 330 1046 signa
365 984 481 1030 tene
520 999 577 1031 ac
613 984 778 1032 totum
815 983 1043 1032 discerne
1079 983 1134 1032 in
1168 986 1400 1048 tempora
1435 999 1675 1032 mensem.

179 1068 283 1101 non
319 1069 476 1100 unum
514 1051 828 1116 deprehensa
865 1053 995 1102 diem
1034 1053 1130 1102 tibi
1168 1053 1316 1118 signa
1352 1053 1633 1117 loquuntur

178 1137 269 1170 nec
304 1121 460 1187 uulgo
497 1121 549 1170 in
588 1122 781 1171 cunctis
819 1122 1004 1172 adsunt
1038 1125 1310 1187 praecepta
1347 1122 1544 1186 diebus,

4 1239 16 1246 ,
181 1190 267 1239 sed
303 1207 430 1256 quae
469 1191 616 1256 signa
651 1208 786 1241 nouo
825 1192 1018 1242 dederit
1052 1209 1155 1242 nox
1190 1192 1343 1242 tertia
1379 1193 1522 1241 motu

43 1272 149 1312 1500
182 1264 448 1326 quartaue,
488 1261 726 1310 sustollat
761 1261 955 1312 medios
995 1262 1114 1311 dum
1152 1260 1376 1327 Cynthia
1411 1262 1606 1326 uultus,
1796 1277 1855 1308 175

180 1330 437 1380 durabunt
474 1331 629 1380 caelo.
700 1331 865 1381 medio
904 1348 1031 1397 quae
1069 1331 1282 1381 edixerit
1317 1348 1403 1382 ore

179 1399 312 1464 ignis
349 1399 405 1448 in
441 1400 641 1465 plenos,
678 1399 798 1449 hinc
835 1401 889 1449 in
927 1401 1188 1465 dispendia
1224 1418 1400 1450 rursus

182 1469 340 1518 altera
375 1469 610 1533 prouisae
649 1469 920 1536 signantur
956 1473 1188 1535 tempora
1225 1470 1389 1520 lunae.

5 1582 10 1602 ,
181 1538 270 1587 illa
307 1538 510 1604 dehinc,
547 1539 704 1589 donec
742 1540 971 1605 germani
1007 1540 1214 1589 luminis
1251 1541 1387 1606 ignis

71 1621 150 1659 505
182 1608 390 1657 accedat
425 1608 651 1675 Phoebe,
687 1609 874 1659 mensis
911 1612 1172 1675 postrema
1207 1610 1472 1659 notabunt.
1583 1673 1589 1679 ·
1798 1626 1858 1656 180

9 1687 11 1695 ’
179 1677 296 1743 hoc,
335 1678 468 1743 quod
503 1681 742 1743 protento
780 1679 922 1729 uehit
957 1680 1138 1745 ingens
1177 1680 1391 1729 mundus
1429 1679 1590 1745 inani,

182 1764 299 1797 aera
334 1765 522 1798 nomen
557 1748 732 1813 habet3
774 1749 909 1813 quod
946 1749 1108 1814 spirat
1145 1750 1363 1814 caespite
1400 1750 1572 1815 tellus,

33 1858 35 1868 ⁴
180 1817 357 1866 nubila
394 1818 643 1867 dicuntur.
717 1819 910 1868 caelum
949 1836 1101 1884 super
1138 1819 1255 1868 aula
1291 1815 1499 1869 deorum

8 1882 44 1935 ’.
92 1936 95 1937 ⁷
183 1904 274 1936 axe
310 1887 612 1938 adamanteo
650 1888 984 1938 conuoluitur.
1056 1888 1139 1938 hic
1178 1906 1268 1937 sua
1306 1889 1456 1938 certis

41 1968 151 2007 ¹510
183 1959 301 2007 sunt
336 1957 451 2007 loca
486 1958 793 2008 numinibus.
866 1959 1084 2009 borealis
1123 1958 1326 2008 uerticis
1365 1958 1526 2008 altum
1800 1974 1861 2005 185

295 2071 400 2109 1490
453 2081 552 2109 cum
605 2067 647 2107 V
691 2069 787 2108 tum
831 2066 873 2108 A
925 2068 978 2119 ef.
1025 2067 1203 2109 Hermes
1249 2067 1378 2108 XVI
1410 2081 1458 2121 p.
1506 2071 1590 2111 132
1633 2081 1675 2110 n.
1722 2071 1777 2110 94

185 2127 290 2164 1491
335 2123 532 2165 caeditur
583 2123 625 2165 V
666 2123 835 2164 ceditur
878 2122 921 2164 A
963 2124 978 2177 ΙΙ
1021 2123 1174 2177 indiga
1218 2123 1260 2165 A
1302 2123 1450 2165 indica
1503 2123 1545 2165 V
1671 2128 1776 2166 1493

181 2177 295 2224 fessa
331 2178 413 2220 VA
453 2179 555 2221 fissa
592 2178 771 2221 Grotius
916 2183 1023 2222 1494
1067 2179 1211 2220 induit
1247 2192 1298 2221 ac
1335 2180 1511 2233 qualem
1548 2181 1590 2222 A
1628 2180 1779 2222 Induit

236 2243 278 2266 ae
301 2259 308 2266 .
325 2259 332 2268 .
350 2258 358 2266 .
374 2259 381 2266 .

181 2277 210 2325 †
240 2278 285 2318 et
314 2276 545 2330 aequalem
584 2276 624 2317 V
723 2280 830 2318 1495
861 2276 975 2318 hunc
1007 2276 1185 2319 Grotius
1213 2277 1290 2330 qui
1317 2278 1428 2319 idem
1458 2278 1570 2319 hanc
1601 2279 1779 2321 coniecit

181 2332 296 2373 hanc
332 2333 518 2374 correxit
562 2331 604 2373 V
633 2331 737 2373 hinc
772 2333 815 2373 A
953 2336 1059 2375 1497
1099 2332 1369 2386 deprehensa
1414 2333 1528 2375 VAe
1564 2333 1780 2387 deprensa

182 2400 207 2429 v
238 2389 291 2438 cf.
322 2387 428 2430 Luc.
461 2388 649 2430 Mueller
679 2389 729 2430 de
757 2401 802 2430 ‘re
830 2391 946 2430 metr.
971 2401 1020 2441 p.
1051 2392 1141 2432 253
1217 2393 1322 2431 1499
1353 2402 1439 2431 nox
1467 2402 1493 2431 v
1523 2402 1626 2430 mox
1663 2389 1779 2432 VAe

186 2447 294 2485 1500
324 2443 428 2484 dum
458 2444 502 2485 A
531 2445 590 2485 du
628 2443 670 2484 V
782 2447 887 2485 1502
918 2443 1032 2498 ignis
1060 2446 1140 2485 Ae
1168 2444 1293 2498 ignes
1334 2445 1373 2485 V
1465 2448 1571 2487 1505
1602 2445 1778 2488 Phoebe

193 2498 258 2540 Ve
279 2498 457 2541 Phoebo
481 2500 524 2541 A
546 2500 751 2541 Phoebae
779 2513 804 2542 v
835 2500 889 2550 cf.
913 2512 1063 2554 proyr.
1087 2500 1262 2551 Erfurt.
1294 2514 1334 2543 a.
1365 2503 1482 2543 1882
1505 2514 1554 2554 p.
1585 2501 1702 2542 XII
1719 2514 1776 2555 sq.

188 2558 294 2596 1506
325 2555 449 2596 uehit
486 2555 527 2596 V
551 2555 676 2597 uelut
704 2556 746 2596 A
823 2559 929 2597 1508
962 2555 1133 2597 caelum
1173 2556 1213 2596 V
1239 2556 1403 2597 celsum
1433 2557 1476 2598 A
1560 2560 1666 2599 1509
1699 2571 1778 2600 axe

186 2610 447 2653 adamanteo
492 2610 726 2653 Schraderi
768 2613 1093 2654 commentarius
1137 2611 1280 2654 Berol.
1317 2612 1546 2666 Hauptius
1584 2613 1779 2667 (Hermes

194 2664 299 2707 VII
314 2679 361 2720 p.
392 2668 464 2720 13)
496 2680 605 2709 axea
635 2667 792 2709 denteo
831 2667 912 2708 VA
