1916 2944
92 352 171 390 750

93 700 172 738 755

95 1051 174 1088 760

97 1398 175 1437 765

98 1749 177 1786 770

199 270 444 334 urguetur
482 283 630 316 cursu
666 266 810 315 rutili
847 266 1002 315 canis.
1073 266 1156 314 ille
1193 281 1283 330 per
1320 266 1550 315 aethram

203 338 380 404 effugit
415 337 714 399 instantem,
751 336 938 400 premit
975 338 1146 385 autem
1184 334 1343 385 Sirius
1382 353 1480 387 ore.

203 408 423 457 auritum
459 406 637 471 primis
676 405 867 455 emittit
904 420 1088 471 gurges
1128 405 1191 454 ab
1229 405 1398 470 undis,

202 478 288 527 ille
326 477 499 526 minax
535 475 778 540 pauidum
816 493 967 540 super
1004 474 1169 524 editur
1207 478 1259 524 et
1294 476 1470 539 procul
1507 475 1665 540 idem,

202 565 316 597 cum
352 548 496 611 lepus
535 545 797 596 occiduum
839 562 948 595 sese
984 545 1251 594 inclinauit
1287 546 1342 594 in
1380 562 1587 610 aequor,

203 634 343 667 more
378 617 692 666 latebrarum
729 618 960 680 repetens
996 615 1150 679 freta,
1189 613 1346 664 Sirius
1386 616 1489 664 alto

205 687 380 736 defluit
417 687 480 736 ab
520 685 660 736 caelo
699 701 1019 749 mersumque
1056 701 1146 749 per
1184 684 1355 734 umida
1391 685 1602 750 quaerit.

272 755 493 822 Magnus
529 755 789 806 Iasoniam
826 755 986 804 cauda
1022 754 1162 805 canis
1202 754 1424 804 extrahit
1461 753 1622 819 Argo

203 843 371 892 puppe
409 827 764 891 refulgentem.
835 841 999 890 neque
1039 825 1171 874 enim
1212 842 1265 874 se
1302 823 1546 874 Thessala
1583 823 1766 873 cumba

206 898 428 947 solemne
466 897 519 945 in
554 895 737 945 faciem
774 898 943 944 rostro
981 898 1166 944 mouet.
1239 895 1426 943 extima
1462 894 1649 958 puppis

205 969 419 1032 surgunt
457 965 680 1029 Oceano,
718 966 860 1014 uelut
897 964 1001 1014 alto
1041 982 1071 1014 a
1107 964 1309 1030 gurgite
1344 967 1550 1030 nautae,

206 1054 320 1086 cum
356 1038 560 1100 portum
597 1038 826 1098 tenuere,
865 1034 1000 1084 auidi
1035 1034 1308 1084 uolitantia
1344 1034 1531 1098 raptim

207 1107 378 1171 sipara
415 1107 718 1155 conuertunt
753 1108 1055 1170 tergumque
1091 1104 1302 1153 incurua
1337 1103 1545 1153 remulsi

206 1176 361 1226 litora
399 1175 631 1225 certatim
671 1175 888 1224 subeunt
925 1174 1091 1224 simul.
1163 1174 1254 1223 illa
1292 1173 1514 1223 marinas

206 1246 307 1295 iam
346 1245 585 1295 defuncta
621 1245 731 1294 uias
769 1245 946 1310 procul
982 1244 1072 1293 imi
1109 1243 1274 1294 litoris
1312 1244 1456 1310 algas

207 1333 339 1380 pone
378 1316 518 1365 subit
554 1317 841 1379 terramque
877 1317 1059 1364 tenens
1099 1331 1275 1364 secura
1312 1313 1537 1379 quiescit.

208 1386 279 1435 sic
317 1385 457 1451 Argo
498 1385 706 1434 rutilam
742 1388 945 1434 tantum
981 1384 1115 1433 inter
1154 1384 1318 1434 sidera
1354 1383 1566 1449 puppim

207 1455 346 1505 ducit
384 1458 434 1504 et
472 1455 696 1505 occultat
732 1454 898 1520 rigido
936 1457 1084 1504 tenus
1124 1455 1286 1504 altera
1322 1454 1471 1502 malo.

208 1528 388 1590 sponte
427 1525 790 1590 gubernaclum
826 1525 1010 1589 puppis
1049 1524 1272 1574 demittit
1308 1524 1362 1572 in
1400 1523 1559 1572 undas

209 1596 390 1644 celsior
427 1612 485 1645 ac
521 1612 689 1644 merso
729 1594 988 1644 descendit
1024 1594 1079 1643 in
1116 1611 1337 1660 aequora
1375 1593 1536 1643 clauo.

280 1665 571 1714 Distantem
609 1664 983 1714 Andromedam
1019 1664 1205 1729 prolixi
1241 1664 1446 1713 tramite
1484 1662 1660 1712 mundi

208 1737 458 1799 perterret
495 1737 674 1784 cetos.
746 1751 866 1783 nam
904 1733 1123 1783 Threicii
1158 1751 1316 1798 prope
1352 1733 1514 1782 flabra

211 1804 589 1854 Andromedam
626 1805 811 1854 boreae
849 1804 983 1854 celso
1020 1806 1159 1853 rotat
1195 1803 1398 1853 aethere
1435 1803 1608 1868 cardo,

212 1876 362 1924 belua
400 1875 509 1923 dira
546 1877 670 1924 noto
707 1874 932 1939 uehitur,
969 1874 1128 1924 trahit
1167 1876 1335 1923 auster
1372 1873 1424 1923 in
1463 1875 1639 1922 arcton

326 2003 404 2040 749
449 1999 662 2052 urguetur
707 1997 748 2038 V
786 1998 969 2050 urgetur
1006 1997 1048 2038 A
1086 1997 1304 2051 Vergetur
1340 1997 1381 2037 L
1423 1998 1436 2050 ΙΙ
1481 1996 1680 2037 aethram
1728 1996 1768 2036 V
1766 1996 1807 2037 A

212 2055 366 2097 aethra
402 2055 588 2096 correxit
618 2054 660 2095 L
777 2057 856 2094 750
891 2053 1045 2107 effugit
1083 2053 1164 2094 VA
1195 2052 1400 2095 Voluitur
1428 2052 1469 2093 L
1496 2053 1511 2106 ΙΙ
1540 2054 1687 2093 autem
1728 2052 1806 2092 VA

211 2111 342 2163 igneo
381 2110 421 2150 L
458 2111 512 2161 cf.
547 2110 724 2151 Hermes
757 2110 904 2150 XIII
931 2123 978 2162 10·
1012 2112 1096 2152 359
1134 2123 1177 2151 oi.
1208 2113 1266 2151 38
1382 2112 1460 2150 752
1500 2122 1629 2161 super
1664 2107 1810 2150 editur

221 2166 301 2208 VA
332 2167 384 2218 cf.
417 2166 594 2207 Hermes
628 2165 766 2206 XIII
782 2179 828 2221 p.
862 2169 949 2207 365
977 2179 1020 2206 n.
1051 2169 1106 2208 49
1187 2179 1228 2206 u.
1261 2169 1347 2208 756
1374 2165 1630 2206 inscribitur
1651 2163 1807 2205 ARGO

220 2222 300 2262 VA
418 2226 495 2264 757
537 2223 695 2263 cumba
734 2221 774 2262 V
805 2234 960 2263 iwanus
983 2226 1007 2262 1
1039 2221 1081 2262 A
1112 2221 1269 2274 cymba
1306 2221 1490 2262 correxit
1524 2233 1680 2261 manus
1707 2223 1736 2262 2
1766 2221 1808 2261 A

214 2283 293 2320 758
325 2278 518 2320 solemne
551 2277 631 2318 VA
663 2277 831 2319 solenni
859 2291 884 2319 v
907 2278 921 2330 ΙΙ
942 2281 1085 2319 rostro
1108 2278 1318 2319 Heinsius
1341 2278 1458 2318 ostro
1491 2276 1571 2317 VA
1641 2280 1717 2317 761
1743 2276 1807 2316 in-

213 2347 347 2375 curua
376 2334 418 2375 A
456 2334 503 2375 in
540 2346 674 2375 curua
713 2333 753 2374 V
784 2334 798 2386 ΙΙ
834 2334 1012 2374 remulsi
1045 2334 1203 2385 scripsi
1232 2334 1285 2385 cf.
1318 2333 1495 2374 Hermes
1528 2331 1626 2372 XV
1644 2345 1690 2385 p.
1723 2335 1808 2373 184

211 2404 256 2431 iz.
288 2394 343 2432 55
373 2390 566 2432 remulco
607 2390 717 2431 VAe
789 2394 870 2431 764
901 2389 1090 2443 quiescit
1128 2389 1169 2430 V
1194 2389 1392 2442 quiescat
1421 2390 1463 2429 A
1524 2391 1603 2430 765
1635 2389 1809 2428 tantum

213 2446 313 2498 (tm)
344 2459 364 2487 e
393 2447 566 2488 tantam
599 2445 678 2487 VA
700 2447 714 2499 ΙΙ
744 2446 926 2499 puppim
952 2447 994 2486 A
1024 2445 1135 2499 pupi
1168 2446 1209 2486 V
1291 2449 1370 2487 766
1401 2443 1523 2485 ducit
1553 2446 1598 2485 et
1619 2444 1810 2485 Buhlius

214 2502 389 2543 ducitur
429 2502 509 2543 VA
601 2506 680 2544 767
711 2501 1026 2555 gubernaclum
1057 2503 1100 2543 A
1130 2500 1471 2555 gubernaculum
1512 2500 1584 2553 Vn
1615 2499 1810 2541 demittit

214 2558 446 2600 Seno-adem·
476 2559 802 2600 commentarius
823 2558 1017 2599 Berolin.
1051 2558 1238 2599 dimittit
1269 2557 1346 2598 VA
1462 2569 1503 2598 u.
1538 2559 1621 2598 769
1655 2556 1808 2597 inscri-

215 2615 331 2655 bitur
361 2614 542 2656 CETOS
582 2614 623 2655 V
649 2616 770 2655 cetus
799 2613 843 2655 A
958 2619 1037 2656 770
1068 2616 1187 2656 cetos
1220 2614 1262 2654 A
1293 2616 1411 2654 ectos
1450 2612 1522 2665 Vn
1545 2611 1737 2653 Threicii
1766 2611 1808 2652 A

215 2669 375 2711 Treicii
414 2670 455 2711 V
532 2675 609 2712 771
641 2670 801 2711 boreae
832 2670 874 2711 A
905 2670 1065 2725 boraee
1105 2669 1145 2710 V
1168 2671 1183 2723 ss
1214 2669 1342 2711 cardo
1383 2669 1422 2709 V
1449 2668 1581 2709 carda
1610 2668 1651 2708 A
1729 2671 1807 2709 772

215 2726 363 2767 auster
392 2726 437 2766 in
468 2728 621 2768 arcton
652 2726 831 2768 Grotius
861 2726 1023 2767 austeri
1053 2727 1181 2766 norto
1217 2725 1259 2766 V
1284 2726 1430 2767 auster
1458 2723 1505 2764 in
1535 2723 1631 2766 orto
1662 2723 1705 2765 A
