1916 2944
805 101 1112 149 -3—

159 211 294 259 terra
333 208 471 276 gela,
508 226 598 259 uer
634 213 692 260 ut
728 210 928 261 blandis
966 211 1197 261 adrideat
1233 213 1392 278 auriS‚

157 278 510 342 puluerulenta
546 278 632 329 siti
669 280 903 330 tellurem
940 283 998 330 ut
1034 283 1227 331 torreat
1264 285 1432 332 aestas

74 359 126 396 40
158 350 208 396 et
245 347 416 413 grauis
455 349 686 398 autumni
722 349 896 399 redeat
930 349 1096 400 fetura
1133 351 1371 415 parentis.

69 707 122 745 45

66 1054 119 1093 50

5 1369 17 1416 ‘'.-
63 1403 115 1441 55

51 2808 67 2944 ae-s‘nffl
56 2777 61 2793 „‹

155 416 251 467 hoc
289 417 412 467 duce
448 435 540 483 per
575 419 758 468 tumidi
794 419 1007 469 ferimur
1042 419 1173 469 freta
1209 420 1452 486 gurgitiS,
1489 420 1590 471 isto

154 489 480 552 praeceptore
518 488 683 538 solum
721 489 962 554 grauibus
999 506 1260 539 uersamus
1299 490 1494 541 aratris.

153 556 248 606 iste
285 557 491 606 modum
528 558 710 608 statuit
747 559 928 624 signis,
964 558 1047 608 hic
1082 559 1233 608 rebus
1270 559 1517 609 honorem

154 625 396 690 infundit,
434 628 658 677 tenebris
695 627 779 677 hic
814 627 1136 677 interlabitur
1173 628 1401 693 aethrae,

154 695 349 745 uiscera
385 698 436 745 et
473 699 707 747 aeternos
747 697 942 746 animat
980 697 1271 763 genitabilis
1311 701 1463 748 artus.

153 764 367 830 denique
403 783 467 816 ne
505 766 716 832 longum
753 767 1031 816 marcentia
1069 766 1221 816 corda
1257 766 1482 817 iacerent

152 835 492 901 mundanique
530 838 672 886 ortus
710 853 854 886 mens
892 836 1142 886 inmemor
1178 836 1347 886 omnia
1384 836 1571 886 sensim

150 904 271 954 uilia
308 905 594 970 conciperet
628 922 791 971 neque
829 922 881 955 se
920 905 1221 956 subduceret
1256 923 1496 971 umquam

150 973 307 1023 fontis
344 973 397 1023 in
435 975 626 1025 aeterni
662 975 960 1041 primordia,
996 992 1094 1040 quo
1133 975 1274 1024 uelut
1311 975 1496 1040 amniS,

151 1060 301 1107 quem
337 1044 522 1095 festina
558 1045 671 1095 citis
709 1047 856 1111 urget
891 1048 1077 1095 natura
1111 1045 1316 1094 fluentis
1326 1084 1338 1110 ,

148 1112 296 1178 lapsu
334 1115 574 1165 continuo
612 1115 835 1165 ruiturae
872 1115 927 1164 in
964 1132 1178 1180 corpora
1213 1119 1389 1165 nostra

146 1187 487 1263 prorumpunt
523 1185 723 1234 animae
761 1185 1040 1250 seriemque
1077 1201 1167 1249 per
1205 1185 1411 1234 aethera
1448 1186 1678 1235 nectunt:

145 1251 228 1302 hic
264 1253 482 1317 primum
520 1252 690 1304 Cnidii
726 1254 922 1304 radium
960 1255 1093 1305 senis
1131 1255 1308 1304 intulit
1345 1254 1497 1304 astris

146 1323 510 1389 mortalemque
548 1324 689 1389 loqui
727 1323 900 1374 docuit
936 1340 1164 1374 conuexa
1202 1323 1429 1402 deorum,

146 1407 234 1440 cur
270 1391 613 1458 Hyperionios
650 1410 783 1458 nepa
821 1393 1234 1444 circumflecteret
1269 1393 1436 1458 igneS,

147 1462 378 1511 autumni
412 1462 576 1512 reditu
614 1480 701 1513 cur
738 1463 831 1513 sub
870 1463 1039 1528 gelido
1079 1462 1371 1541 capricorno

145 1530 326 1580 bruma
360 1532 591 1596 pruinosi
627 1533 749 1598 iuga
783 1533 954 1582 tristia
989 1532 1212 1583 solueret
1249 1532 1388 1596 anni,

146 1616 233 1649 cur
271 1601 492 1666 spatium
529 1602 678 1667 lucis,
718 1602 949 1652 madidae
987 1619 1075 1651 cur
1110 1605 1340 1666 tempora
1375 1601 1540 1651 noctis

143 1669 275 1720 libra
312 1671 540 1736 celerque
577 1671 708 1722 aries
747 1671 983 1722 demenso
1021 1671 1240 1737 pondere
1279 1670 1484 1736 Olympi

254 1880 306 1919 38
364 1876 568 1920 adrideat
617 1877 734 1919 auris
786 1877 1017 1920 Schraderi
1067 1877 1393 1920 commentarius
1441 1876 1736 1920 Berolinensis
1780 1878 1781 1881 ’

140 1930 367 1985 Ηακαμίαε
395 1933 449 1985 cf.
481 1933 659 1996 Hermes
697 1933 738 1974 V
758 1946 804 1987 p.
837 1937 922 1976 189
953 1932 1105 1975 adride
1135 1932 1299 1975 ataruis
1331 1933 1372 1974 V
1397 1932 1589 1974 arrideat
1619 1933 1736 1975 aruis

139 1986 182 2028 A
213 1987 414 2030 adrideat
443 1988 561 2031 aruis
592 2002 612 2032 e
711 1993 763 2031 41
802 1989 888 2031 isto
919 2002 939 2031 e
968 2001 1047 2031 om.
1084 1988 1125 2030 V
1150 1990 1195 2031 et
1225 2001 1311 2042 quo
1340 1988 1427 2030 isto
1458 1989 1522 2041 (et
1551 2000 1636 2041 quo
1667 1989 1736 2031 de-

139 2042 244 2085 leuit
279 2056 434 2086 manus
469 2046 512 2097 1)
549 2044 592 2086 A
705 2049 758 2086 42
803 2057 1028 2086 uersamus
1073 2044 1115 2085 V
1147 2045 1349 2086 uersatur
1378 2046 1420 2085 A
1453 2045 1468 2098 11
1505 2043 1662 2086 aratris
1691 2045 1734 2086 A

139 2098 278 2142 aratrfi
318 2100 360 2141 V
385 2099 522 2142 aratri
550 2114 571 2143 e
684 2104 739 2142 44
774 2100 966 2142 infundit
1001 2099 1044 2142 V
1067 2099 1234 2142 Infudit
1262 2100 1335 2142 Ae
1448 2104 1503 2142 45
1534 2100 1734 2142 aeternos

137 2154 305 2198 animat
337 2155 417 2197 VA
447 2156 678 2199 aethereos
710 2155 908 2198 animans
940 2155 1119 2198 Grotius
1149 2156 1202 2207 cf.
1229 2155 1408 2198 Hermes
1435 2155 1551 2197 XII
1570 2168 1618 2208 p.
1648 2159 1733 2198 153

136 2223 179 2252 n.
210 2215 266 2253 16
288 2213 303 2265 ΙΙ
325 2211 579 2265 genitabilis
618 2212 677 2254 Ve
706 2211 972 2275 genitalibus
1002 2212 1044 2253 A
1157 2216 1211 2253 46
1245 2211 1426 2265 longum
1464 2211 1524 2253 Ve
1554 2210 1611 2252 ad
1639 2210 1732 2252 lon-

137 2280 242 2320 gum
278 2267 320 2308 A
462 2271 515 2310 47
554 2268 702 2310 omnia
738 2268 898 2309 sensim
933 2281 958 2309 v
994 2265 1248 2310 omnias&is
1288 2267 1329 2308 V
1362 2266 1510 2309 omnia
1547 2266 1652 2308 setis
1688 2266 1732 2308 A

137 2321 283 2364 omnia
311 2322 419 2364 sensi
448 2337 468 2365 e
581 2328 635 2366 48
665 2323 776 2365 uilia
804 2337 824 2365 e
845 2322 1013 2377 Vigilia
1042 2322 1122 2364 VA
1152 2323 1166 2377 ΙΙ
1195 2335 1404 2386 umquam
1436 2322 1477 2364 V
1503 2323 1554 2363 ut
1583 2335 1666 2374 que
1689 2322 1732 2363 A

137 2380 188 2418 51
213 2379 362 2420 nostra
393 2378 451 2420 Ve
472 2380 620 2442 nostre
643 2379 687 2420 A
753 2383 805 2420 52
830 2379 1075 2432 seriemque
1106 2378 1165 2420 Ve
1188 2378 1386 2431 serieque
1408 2378 1451 2420 A
1510 2381 1562 2419 53
1589 2376 1733 2419 Cnidii

135 2433 308 2475 radium
346 2433 387 2476 V
420 2434 572 2476 cinidii
609 2434 782 2477 radium
817 2434 875 2476 Ve
906 2447 1003 2477 cum
1042 2434 1150 2475 dura
1186 2433 1262 2476 diu
1291 2435 1333 2476 A
1449 2437 1501 2476 56
1532 2433 1731 2475 autumni

136 2501 160 2530 v
190 2489 343 2532 autuni
381 2489 423 2532 V
450 2491 677 2532 auctumni
705 2491 748 2531 A
777 2491 868 2532 Aut
895 2491 1000 2532 tunc
1031 2490 1087 2543 011
1108 2489 1255 2543 gelido
1286 2503 1306 2531 e
1334 2489 1481 2543 legido
1518 2488 1560 2530 V
1583 2489 1625 2530 10
1627 2487 1731 2542 31ᾱο

135 2557 290 2587 manus
321 2549 346 2587 1
376 2545 537 2599 frigido
567 2559 722 2588 manus
750 2550 781 2588 2
805 2546 848 2587 A
936 2550 987 2588 59
1012 2546 1216 2587 demenso
1239 2546 1431 2599 pondere
1454 2559 1474 2586 e
1497 2543 1729 2586 demensof.

136 2600 295 2643 ondere
341 2601 382 2642 V
422 2601 652 2644 demensos
697 2601 855 2644 cudere
892 2602 936 2644 A
982 2601 1178 2643 dimenso
1225 2601 1416 2655 pondere
1457 2599 1636 2643 Grotius
1675 2600 1728 2651 ef.

135 2656 315 2699 Hermes
347 2657 496 2699 XIII
514 2670 561 2711 p.
593 2660 680 2701 357
708 2670 752 2701 n.
783 2660 840 2700 33

1417 2725 1471 2766 1*
