1916 2944
217 217 506 283 arentisque
543 218 684 268 locos
720 216 853 267 unda
889 217 1124 267 fecundet
1160 218 1369 268 alumna
1468 279 1470 281 ,

215 287 298 337 uel
336 287 470 354 quod
508 286 567 336 de
604 287 758 336 medii
792 287 1062 352 prolapsus
1099 290 1246 352 parte
1284 288 1385 338 diei

105 369 186 407 800
216 359 392 407 uastus
429 357 485 406 in
522 373 797 422 aequoreas
835 357 1008 423 pelagi
1046 374 1153 406 sese
1190 357 1375 407 inferat
1409 357 1586 409 undas.

214 427 310 476 iste
346 426 527 492 pedem
564 428 765 476 laeuum
802 426 946 476 rutili
983 427 1122 477 subit
1160 425 1364 478 Orionis

214 496 429 562 fusaque
461 513 588 561 quae
620 497 849 562 geminos
881 496 1210 562 adstringunt
1238 497 1442 547 uincula
1468 497 1633 562 pisces

213 565 427 616 Eridani
465 569 649 616 coeunt
686 565 1042 631 amfractibus,
1078 569 1137 616 ut
1172 566 1349 631 procul
1385 566 1473 615 ille

213 635 440 685 tenditur
477 635 622 686 effusi
657 635 708 685 ui
747 636 980 702 gurgitis.
1050 636 1149 686 huc
1187 652 1384 701 quoque
1422 636 1606 687 cristae

103 716 183 755 805
215 705 349 756 cedit
386 723 535 772 apex,
573 723 771 756 summa
809 723 906 770 qua
942 706 1029 755 lux
1065 705 1276 771 pistrice
1314 708 1546 756 coruscat

100 1067 181 1106 810

99 1415 179 1454 815

97 1763 178 1801 820

214 775 429 841 desuper
467 779 517 825 et
552 775 760 825 flamma
797 775 1070 826 caudarum
1107 775 1313 842 cingula
1349 775 1475 840 figit.

282 845 423 895 Inter
460 845 732 895 demissum
772 845 949 910 procul
985 845 1040 895 in
1076 845 1209 895 uada
1247 845 1450 895 caerula
1487 845 1690 894 clauum

211 915 398 980 puppis
437 915 671 966 Iasoniae
709 914 1006 981 depictaque
1043 918 1192 981 terga
1229 914 1431 964 carinae

213 987 264 1034 et
298 985 505 1049 pistrim
542 985 853 1049 undicolam,
889 985 1079 1049 leporis
1117 1002 1220 1050 qua
1253 984 1479 1033 tenditur
1517 983 1684 1048 aluus,

214 1055 478 1104 stellarum
515 1055 688 1104 creber
724 1055 906 1104 rutilat
942 1055 1109 1104 rubor.
1180 1054 1308 1103 haut
1343 1056 1518 1102 tamen
1554 1053 1667 1103 istis

211 1124 294 1173 uel
332 1125 418 1174 lux
456 1125 616 1173 multa
651 1124 807 1174 micat
842 1125 926 1174 uel
962 1124 1020 1173 fit
1056 1123 1387 1173 memorabile
1423 1139 1622 1172 nomen.

209 1193 340 1243 nulli
377 1194 565 1243 etenim
601 1194 794 1244 formae
830 1194 1149 1243 flammarum
1186 1192 1418 1258 Iuppiter
1453 1192 1598 1258 ignes

211 1263 472 1327 discreuit‚
509 1264 679 1314 nullos
719 1264 964 1314 simulant
998 1263 1126 1312 haec
1163 1262 1389 1327 corporis
1428 1265 1591 1326 artus,

210 1333 382 1398 qualia
420 1334 616 1399 digesto
654 1334 872 1383 mundus
911 1350 1051 1383 sacer
1088 1332 1263 1382 ordine
1299 1332 1482 1396 uoluit,

213 1420 411 1467 semper
446 1404 500 1452 in
538 1404 804 1470 antiquum
840 1402 1103 1453 retrahens
1141 1402 1241 1451 iter
1278 1401 1448 1452 omnia
1486 1417 1657 1450 secum

211 1473 492 1523 saeclorum
530 1473 657 1522 serie
694 1474 866 1539 longa.
938 1473 1065 1522 istas
1103 1471 1317 1536 denique
1357 1471 1565 1535 signant

207 1542 480 1592 interualla
514 1542 674 1607 faces,
711 1542 890 1592 similis
930 1558 1127 1607 quoque
1163 1542 1251 1590 lux
1286 1540 1445 1590 habet
1482 1540 1671 1605 omnis,

207 1629 302 1677 par
337 1612 541 1677 modus3
581 1629 761 1662 occasu
797 1612 987 1676 pariter
1022 1611 1312 1660 referuntur
1349 1612 1400 1659 et
1436 1612 1565 1660 ortu,

207 1683 348 1743 †nec
386 1682 697 1746 expectanda
732 1682 903 1731 forent
938 1683 1098 1746 ponto
1137 1679 1270 1745 quod
1309 1680 1417 1729 sola
1455 1681 1698 1728 carerent.

211 1755 379 1801 cetera
416 1752 682 1817 descriptis
722 1753 964 1816 aptantur
1002 1750 1205 1815 singula
1242 1749 1483 1798 membris

208 1820 502 1871 formarum.
574 1822 799 1887 flagrans
835 1822 1062 1885 leporem
1102 1837 1202 1885 qua
1238 1816 1397 1868 Sirius
1435 1820 1604 1884 urget,

325 2004 403 2042 798
442 2000 651 2042 fecundet
680 1998 860 2042 Grotius
892 1999 1102 2041 fecundat
1138 1997 1180 2039 V
1204 1997 1412 2055 fecundat
1440 1998 1482 2038 A
1599 2000 1678 2039 799
1708 2009 1806 2049 pro-

206 2056 358 2110 lapsus
397 2056 439 2097 V
463 2055 611 2109 lapsus
641 2055 683 2096 A
705 2057 720 2110 ΙΙ
741 2057 866 2109 parte
896 2068 916 2096 e
945 2056 1128 2109 parente
1167 2053 1249 2095 VA
1307 2057 1388 2094 800
1419 2051 1567 2106 pelagi
1596 2065 1617 2094 e
1645 2053 1805 2106 pelago

215 2111 296 2153 VA
354 2115 436 2153 803
472 2111 654 2153 Eridani
690 2112 733 2153 A
770 2111 984 2154 Heridani
1022 2110 1063 2151 V
1090 2111 1105 2164 fl
1141 2109 1425 2151 amfractibus
1463 2108 1505 2149 V
1536 2107 1805 2150 anfractibus

205 2167 248 2208 A
271 2169 286 2221 ss
306 2168 358 2208 ut
387 2166 497 2208 VAe
525 2167 598 2208 hic
623 2166 802 2209 Grotius
831 2167 885 2219 cf.
909 2167 1087 2208 Hermes
1112 2165 1224 2207 XII
1247 2178 1290 2218 p.
1316 2167 1402 2206 156
1430 2177 1472 2206 n.
1497 2166 1557 2206 24
1615 2168 1696 2205 804
1718 2164 1805 2205 huc

215 2223 257 2265 V
288 2223 362 2265 hic
399 2224 586 2265 correoeit
620 2235 776 2265 ‘manus
812 2227 843 2266 2
873 2222 916 2264 A
952 2223 967 2276 ΙΙ
1007 2222 1166 2264 cristae
1205 2220 1246 2262 V
1276 2219 1408 2262 crista
1437 2221 1623 2262 correxit
1651 2231 1806 2261 manus

205 2283 237 2323 2
268 2279 311 2320 A
426 2282 507 2320 805
544 2278 723 2332 pistrice
755 2293 775 2320 e
803 2278 984 2332 pristice
1023 2278 1065 2319 V
1088 2276 1276 2331 pristina
1305 2277 1348 2317 A
1461 2289 1503 2317 u.
1535 2278 1621 2318 807
1650 2276 1806 2317 inseri·

206 2335 325 2377 bitur
354 2333 528 2376 PISCIS
560 2333 795 2376 MAIORIS
835 2335 877 2375 V
901 2333 1034 2388 piscis
1064 2333 1206 2375 maior
1234 2332 1278 2373 A
1363 2336 1444 2373 807
1474 2331 1590 2373 uada
1629 2331 1670 2372 V
1696 2330 1806 2372 cada

206 2391 249 2432 A
272 2391 286 2443 11
309 2390 484 2433 clauum
523 2391 564 2431 V
589 2392 774 2433 correoeit
802 2390 845 2432 A
924 2394 1004 2432 809
1037 2390 1081 2431 et
1110 2389 1283 2443 pistrim
1312 2387 1566 2430 undicolam
1605 2386 1646 2428 V
1671 2385 1806 2427 Pistri

206 2445 506 2488 mundicolam
534 2447 579 2487 A
693 2450 774 2488 815
813 2446 1045 2498 antiquum
1074 2445 1118 2486 A
1156 2444 1311 2497 antiqu
1349 2443 1390 2485 V
1499 2447 1579 2485 816
1618 2442 1730 2484 serie
1760 2443 1804 2482 A

208 2501 345 2544 seriae
391 2502 434 2543 V
542 2506 623 2544 819
660 2515 742 2544 nec
781 2502 892 2544 VAe
927 2515 983 2543 ne
1020 2515 1044 2543 v
1078 2502 1093 2554 ΙΙ
1129 2499 1401 2553 expectanda
1445 2498 1526 2540 VA
1564 2497 1805 2552 spectanda

208 2557 386 2600 Grotius
422 2559 436 2611 ΙΙ
474 2559 674 2600 carerent
721 2558 763 2600 V
804 2571 1001 2600 caremus
1045 2557 1216 2612 (deleuit
1261 2555 1319 2607 A)
1365 2556 1563 2596 carerent
1605 2555 1648 2595 A
1691 2554 1802 2595 haec

207 2614 447 2709 Spesstssssda
474 2613 621 2656 forent
649 2614 790 2656 forma
819 2613 905 2655 nisi
935 2614 1092 2655 cuncta
1121 2611 1320 2654 carerent
1349 2610 1509 2653 conieci
1538 2610 1592 2662 cf.
1610 2609 1799 2663 praefat.

198 2682 247 2722 p.
283 2669 329 2709 X
372 2669 436 2710 II
462 2681 520 2723 sq.
