1916 2944
847 107 1181 156 -14-

111 230 193 268 305
222 220 455 284 tectaque
492 217 628 268 iusta
663 217 831 266 uirum
867 217 1059 281 passim
1097 218 1404 285 succederet,
1441 220 1530 283 illa

224 288 470 337 feruentis
507 287 612 337 late
646 286 817 352 pelagi
853 289 1038 337 natura
1075 288 1335 353 salumque

223 358 464 407 fluctibus
502 357 743 407 instabile
781 358 834 406 et
871 356 1039 422 glauci
1075 357 1205 406 uada
1240 359 1443 423 turgida
1478 360 1642 426 ponti,

225 444 323 492 qua
361 427 530 476 senior
567 443 692 476 cano
728 426 893 476 nutrit
930 426 1021 476 sub
1061 427 1262 494 gurgite
1298 426 1493 479 Nereus

224 495 490 561 delphinos
527 496 718 546 uirides
757 497 808 545 et
842 496 1142 561 physeteras
1182 497 1413 563 anhelos,

111 578 192 616 310
223 565 461 631 ignorata
498 583 588 616 suo
628 565 923 630 seclusaque
959 565 1058 615 fine
1095 566 1344 617 iacebant.

222 635 365 685 nulla
401 635 523 685 fides
561 635 733 701 undis,
769 635 965 685 tumido
1004 636 1303 686 commercia
1339 637 1495 688 fluctu

221 705 363 765 nulla
399 705 703 770 petebantur
739 721 903 770 neque
940 705 1110 771 longis
1148 706 1324 756 nauita
1360 708 1511 758 terris

221 774 479 825 insinuare
515 776 678 824 ratem
717 778 1029 840 susceperat,
1066 776 1180 825 exul
1218 779 1276 825 ut
1312 777 1413 827 oris

222 845 457 894 omnibus
496 847 731 894 externas
768 845 978 895 ueheret
1013 861 1104 909 per
1139 845 1400 911 inhospita
1436 863 1587 912 gazas

107 925 188 963 315
221 930 442 980 aequora
481 917 531 964 et
567 915 749 964 insano
787 914 1030 980 penderet
1069 932 1218 980 saepe
1255 916 1523 981 profundo,

219 984 391 1034 omnia
429 984 516 1034 sed
554 984 748 1034 cunctis
785 985 929 1034 nasci
966 984 1122 1035 dabat
1159 1002 1311 1036 aurea
1346 987 1495 1037 terris

217 1052 424 1103 Iustitia
460 1057 511 1102 et
545 1054 686 1104 nullo
725 1053 1032 1105 discreuerat
1068 1071 1182 1104 aere
1219 1071 1393 1121 regna.

219 1125 272 1172 at
308 1125 579 1188 postquam
618 1127 830 1189 argento
870 1123 1109 1174 deformis
1147 1125 1298 1174 uiluit
1334 1128 1496 1191 aetaS,

216 1192 380 1242 rarius
418 1193 472 1243 in
507 1196 670 1243 terras
709 1210 766 1243 os
805 1194 1088 1244 inclinabat
1123 1194 1395 1244 honestum

105 1273 186 1311 320
216 1261 320 1311 iam
358 1262 472 1328 dea,
508 1264 595 1312 uix
633 1280 856 1314 summos
894 1263 1139 1314 adlabens
1178 1264 1392 1330 denique
1429 1265 1638 1332 montis,

218 1347 330 1381 cum
369 1333 577 1382 cedente
614 1333 693 1383 die
731 1334 965 1383 Phoebus
1005 1334 1098 1383 sub
1135 1337 1283 1384 nocte
1319 1335 1603 1400 propinqua

217 1401 455 1452 occiduus
493 1419 683 1466 pronos
723 1407 926 1468 urgeret
962 1404 1016 1453 in
1054 1420 1275 1469 aequora
1312 1420 1509 1470 currus,

214 1471 561 1536 usurpandam
600 1473 757 1523 oculis
796 1490 904 1524 sese
943 1473 1098 1523 dabat
1136 1472 1511 1539 adcurrentum,

214 1556 317 1590 non
353 1543 412 1590 ut
446 1541 584 1591 fessa
619 1542 788 1592 uirum
825 1545 1086 1608 repararet
1123 1542 1309 1608 gaudia
1346 1543 1512 1607 uultu,

104 1620 183 1658 325
217 1609 303 1659 sed
342 1611 548 1675 crepula
582 1613 641 1660 ut
675 1613 778 1662 late
815 1614 1043 1663 uomeret
1079 1612 1306 1662 conuicia
1342 1629 1479 1663 uoce.

215 1677 448 1744 ‘parcite‚
484 1680 586 1729 uile
622 1681 824 1746 genusl'
896 1681 1117 1732 lacrimis
1156 1681 1325 1731 aiebat
1362 1683 1578 1748 obortis,

215 1746 387 1799 ‘causa
417 1750 757 1814 querellarum
788 1754 1016 1802 uestrum
1047 1753 1124 1801 est
1153 1751 1334 1802 scelus!
1373 1768 1525 1802 aurea
1556 1753 1808 1818 quondam

212 1817 374 1868 iudice
412 1836 491 1868 me
529 1821 690 1870 uestri
725 1822 963 1870 uixerunt
1000 1821 1166 1870 saecla
1202 1823 1453 1885 parentes.

214 1887 432 1952 degener
467 1889 522 1938 in
559 1891 707 1940 uobis
746 1891 967 1955 animus,
1005 1890 1231 1939 sollertia
1269 1891 1415 1940 uobis

100 1967 182 2006 330
211 1957 453 2023 peruigil,
492 1961 600 2009 arte
637 1977 773 2010 noua
809 1961 970 2011 uitam
1007 1959 1269 2010 traducere
1306 1978 1417 2011 mos
1456 1963 1548 2011 est.

213 2042 361 2076 omne
407 2045 588 2078 aeuum
635 2030 814 2080 studiis
861 2029 1120 2080 excuditis.
1192 2029 1309 2080 hinc
1354 2047 1552 2096 quoque
1592 2049 1807 2099 rursum,

322 2223 403 2262 305
434 2219 550 2263 iusta
578 2221 652 2263 Ae
681 2221 806 2265 iuxta
844 2222 885 2264 V
995 2226 1076 2265 309
1108 2221 1340 2275 delphinos
1369 2223 1441 2265 Ae
1471 2222 1686 2276 delpinios
1726 2224 1767 2266 V
1791 2225 1806 2281 Η

209 2274 391 2317 anhelos
431 2275 490 2318 Ve
518 2278 700 2333 anhelos
723 2279 766 2320 A
839 2282 919 2320 313
952 2280 1204 2331 susceperat
1225 2278 1284 2320 N.
1308 2278 1519 2321 Heinsius
1549 2280 1602 2331 cf.
1626 2280 1805 2323 Hermes

211 2328 338 2371 XVI
368 2344 412 2385 p.
451 2336 539 2375 124
575 2346 617 2374 n.
657 2337 715 2375 78
752 2334 821 2376 ius
859 2334 1026 2376 fecerat
1071 2333 1129 2376 Ve
1164 2333 1230 2376 uis
1267 2333 1432 2376 fecerat
1463 2335 1506 2375 A
1621 2340 1703 2377 314
1738 2335 1803 2378 in-

207 2385 385 2439 hospita
413 2387 488 2430 Ae
515 2388 709 2442 inospita
747 2389 789 2432 V
875 2394 955 2432 315
985 2390 1139 2432 insano
1169 2402 1189 2431 e
1217 2389 1393 2432 insanos
1432 2390 1513 2431 VA
1543 2392 1556 2445 Η
1584 2391 1802 2444 profundo

208 2441 410 2493 (correxit
438 2457 593 2487 memus
624 2448 648 2486 1
672 2444 730 2498 A)
771 2445 888 2489 VAe
995 2450 1074 2487 322
1105 2458 1265 2499 pronos
1295 2447 1472 2499 urgeret
1500 2448 1685 2490 correxit
1713 2460 1802 2489 ma·

206 2509 289 2539 nus
325 2502 355 2540 2
394 2498 437 2540 A
479 2502 678 2554 surgeret
714 2501 861 2543 media
896 2501 1055 2556 proelii
1091 2502 1141 2544 in
1176 2503 1370 2555 maryi‘ne
1405 2503 1612 2556 scriptum
1648 2504 1803 2546 deleuit

206 2564 361 2595 manus
398 2555 491 2596 alia
518 2557 561 2597 A
599 2569 736 2609 prono
775 2559 975 2611 surgeret
1010 2556 1067 2600 Ve
1208 2562 1288 2599 323
1330 2570 1423 2600 sese
1457 2558 1594 2600 dabat
1623 2558 1802 2602 Grotius

207 2608 387 2652 sedebat
432 2610 514 2652 VA
550 2610 731 2655 sedabat
774 2627 795 2657 e
837 2626 1009 2657 uersum
1045 2616 1133 2657 324
1176 2614 1378 2656 omittunt
1423 2613 1503 2655 VA
1543 2615 1698 2658 habent
1741 2627 1800 2656 ev

206 2667 286 2706 326
317 2677 455 2718 genus
492 2666 550 2709 Ve
578 2680 686 2710 corr.
718 2668 762 2710 A
1329 2676 1333 2679 ’
