1916 2944
81 230 187 270 1260

80 578 186 617 1265

81 925 188 966 1270

79 1274 185 1314 1275

81 1623 189 1663 1280

80 1973 187 2012 1285

843 107 1186 158 -52-

219 218 511 283 delphinum
548 219 749 283 patulas
786 218 977 284 promit
1013 219 1337 284 capricornus
1374 220 1427 269 in
1463 237 1627 278 auras.

287 287 359 338 Et
394 289 649 338 matutino
688 305 801 338 cum
839 287 1005 354 surgit
1043 289 1328 354 aquarius
1367 290 1508 355 orbe,

219 376 276 408 os
316 375 473 423 equus
513 358 674 423 adque
710 358 861 423 pedes
898 375 1061 408 nouus
1099 359 1273 408 exerit.
1337 375 1451 409 ecce
1490 360 1713 410 cadentis

217 430 362 493 parte
399 427 506 492 poli
542 427 704 477 trahit
741 427 1004 478 occiduum
1042 445 1143 478 nox
1181 431 1293 478 atra
1332 430 1423 479 sub
1463 447 1652 496 aequor

220 495 531 547 Centaurum
570 497 749 562 cauda,
788 497 875 547 sed
912 515 1017 548 non
1032 500 1207 563 caput
1244 501 1333 548 aut
1369 517 1658 550 umerorum

217 570 368 617 uasta
406 567 556 617 simul
592 567 787 633 recipit.
860 568 1088 632 persistit
1121 571 1326 634 pectore
1364 570 1498 619 celso

219 637 504 702 cornipedis
545 637 734 702 species
772 640 823 687 et
861 638 1055 687 caelum
1092 639 1281 688 uertice
1319 639 1476 690 fulcit.

220 724 309 757 ora
348 707 527 757 dehinc
567 724 772 772 serpens
812 710 862 757 et
897 708 1064 773 prima
1100 709 1364 758 uolumina
1399 712 1601 759 tantum

219 776 466 826 conditur.
538 777 763 843 ingentis
800 778 903 828 late
940 781 1114 827 tamen
1153 779 1360 844 agmina
1398 779 1586 829 caudae

217 863 350 911 pone
386 846 562 897 trahit.
638 847 776 897 subit
812 848 914 897 ista
952 849 1129 913 solum,
1168 849 1306 898 subit
1343 866 1564 914 aequora
1600 866 1813 913 rursum,

219 917 421 982 integer
458 915 649 966 Oceani
686 933 800 966 cum
839 934 890 967 se
929 916 1213 968 Centaurus
1251 919 1305 968 in
1340 919 1502 968 undas

218 986 395 1036 iecerit
433 986 594 1052 adque
630 1004 766 1037 nouo
803 987 1060 1037 uibrarint
1096 988 1258 1038 sidere
1295 989 1512 1054 pisces.

217 1056 297 1105 his
336 1056 389 1105 in
428 1073 626 1106 summa
662 1056 770 1120 poli
809 1058 1134 1122 surgentibus
1171 1058 1258 1107 ille
1295 1075 1385 1123 per
1424 1062 1652 1108 austrum

216 1125 374 1190 piscis
412 1125 558 1191 item,
593 1127 773 1191 planta
811 1143 961 1191 quem
996 1127 1206 1192 pulcher
1243 1129 1478 1193 aquarius
1515 1130 1684 1194 urget,

217 1195 456 1246 redditur.
528 1195 654 1245 haut
691 1198 801 1246 toto
839 1199 1011 1245 tamen
1048 1197 1132 1246 hic
1170 1215 1222 1246 se
1261 1215 1470 1262 corpore
1507 1197 1716 1262 promit,

219 1265 305 1315 sed
343 1269 516 1315 manet
553 1265 760 1315 alterius
798 1266 1053 1316 uenientis
1090 1270 1323 1332 tempora
1359 1268 1512 1332 signi:

218 1337 364 1400 parte
401 1336 551 1399 latet,
588 1338 787 1400 partem
828 1354 1010 1400 supera
1045 1337 1099 1386 in
1137 1354 1363 1387 conuexa
1400 1338 1596 1387 sonoris

218 1405 456 1454 fiuctibus
495 1405 720 1454 absoluit
755 1406 937 1471 pelagi.
1011 1407 1082 1456 sic
1119 1407 1327 1456 brachia
1363 1410 1587 1457 maestae

219 1475 597 1539 Andromedae,
635 1475 707 1524 sic
745 1492 890 1525 crura
927 1475 1106 1525 dehinc
1143 1477 1402 1541 umerique
1438 1477 1658 1526 nitentes

219 1545 466 1609 paulatim
503 1561 685 1594 recauo
723 1545 936 1594 redeunt
970 1546 1151 1610 maris,
1189 1563 1343 1595 aurea
1381 1547 1520 1596 caelo

219 1616 491 1679 postquam
531 1614 739 1664 adolent
773 1614 939 1679 pisces
977 1615 1218 1666 incendia.
1292 1615 1506 1681 denique
1542 1616 1708 1682 pisces

221 1701 333 1732 cum
370 1683 604 1747 rutilant,
643 1684 832 1734 mundo
871 1685 1103 1735 dextram
1139 1686 1264 1735 haec
1302 1686 1555 1735 attollitur
1591 1687 1764 1737 ulnam

217 1754 461 1819 laeuaque
498 1754 719 1819 uirginei
757 1772 954 1804 sursum
992 1772 1045 1805 se
1084 1755 1306 1820 corporis
1345 1755 1513 1820 edent,

218 1823 422 1872 Phrixei
458 1825 733 1888 postquam
771 1825 966 1903 pecoris
1003 1825 1296 1890 proruperit
1334 1828 1489 1876 ortus.

289 1892 581 1942 Australem
619 1893 703 1943 hic
741 1895 902 1944 aries
941 1911 1080 1944 aram
1118 1895 1292 1960 procul
1330 1895 1567 1945 admouet
1602 1895 1750 1946 undis

219 1963 440 2028 gurgitis
479 1962 690 2013 occidui.
763 1981 863 2028 qua
899 1964 986 2013 lux
1022 1964 1173 2029 redit,
1212 1964 1399 2014 excitat
1435 1965 1569 2014 idem

333 2117 440 2155 1260
470 2114 647 2166 patulas
671 2113 851 2158 Grotius
880 2127 1037 2168 paruas
1070 2115 1151 2156 VA
1223 2119 1326 2158 1261
1360 2128 1458 2157 cum
1489 2115 1629 2170 surgit
1658 2129 1682 2158 v
1714 2128 1814 2158 con-

217 2169 359 2223 surgit
396 2127 512 2211 VApe
629 2174 734 2212 1262
767 2170 906 2212 exerit
936 2183 1036 2214 ecce
1066 2171 1262 2213 cadentis
1292 2185 1313 2214 e
1344 2171 1533 2214 exeritae
1564 2172 1814 2214 cecadentis

226 2225 268 2266 V
307 2224 446 2267 exerit
490 2237 649 2267 exceca
687 2226 830 2268 dentis
867 2226 910 2268 A
1059 2231 1165 2270 1263
1205 2227 1285 2269 sub
1330 2227 1371 2268 V
1403 2240 1481 2270 om.
1518 2228 1562 2269 A
1708 2233 1813 2271 1267

217 2294 397 2334 serpens
423 2294 444 2323 e
473 2293 682 2334 spernens
715 2282 796 2323 VA
914 2287 1020 2324 1268
1051 2283 1141 2325 late
1171 2296 1192 2324 e
1220 2283 1312 2339 late
1345 2283 1425 2324 VA
1541 2288 1648 2325 1269
1673 2283 1815 2325 solum

166 2383 170 2391 ,
226 2335 307 2378 VA
345 2337 486 2378 salum
518 2336 696 2379 Grotius
812 2342 920 2380 1270
951 2351 997 2380 se
1036 2339 1078 2380 V
1102 2339 1288 2381 correxit
1315 2338 1358 2380 A
1474 2343 1580 2381 1273
1612 2353 1740 2392 quem
1771 2340 1815 2382 A

218 2406 260 2445 q.
299 2391 342 2433 V
453 2397 560 2434 1275
598 2392 781 2436 alterius
821 2393 862 2435 V
894 2394 1074 2436 alternis
1104 2394 1148 2436 A
1264 2399 1368 2437 1281
1407 2394 1628 2437 attollitur
1662 2396 1814 2438 ulnam

219 2448 399 2490 Grotius
434 2448 582 2490 atollit
617 2448 663 2490 in
699 2449 849 2492 ulnam
888 2450 930 2491 V
962 2450 1129 2492 attollit
1164 2451 1210 2492 in
1246 2450 1396 2492 ulnam
1423 2451 1467 2492 A
1584 2455 1690 2493 1282
1722 2465 1814 2494 cor·

218 2503 338 2557 poris
368 2504 500 2546 edent
527 2505 685 2558 scripsi
714 2506 768 2556 cf.
793 2506 972 2548 Hermes
1004 2506 1117 2547 XII
1139 2519 1183 2559 p.
1216 2510 1301 2549 160
1330 2519 1372 2549 n.
1404 2509 1461 2549 32
1490 2509 1662 2560 corpori
1691 2507 1812 2550 sede—

218 2561 299 2601 unt
343 2559 386 2600 V
422 2561 615 2614 corporis
653 2560 790 2602 edunt
819 2561 862 2602 A
979 2566 1086 2604 1283
1116 2561 1294 2605 Phrixei
1330 2563 1486 2615 scripsi
1513 2563 1664 2605 Phriss
1695 2564 1739 2606 613
1777 2563 1819 2604 V

219 2615 390 2657 Phrisei
433 2616 480 2658 et
514 2617 557 2657 A
593 2616 728 2658 Phrix
769 2619 814 2658 et
849 2630 870 2659 e
905 2617 1084 2660 Phrixei
1121 2619 1165 2660 et
1200 2631 1225 2661 v
1370 2622 1477 2661 1284
1514 2619 1751 2663 australem
1788 2632 1812 2661 v

219 2671 410 2713 australe
449 2671 530 2714 VA
547 2685 568 2714 e
587 2674 603 2727 u
624 2672 832 2715 admouet
861 2673 903 2715 A
933 2673 1132 2718 admouit
1169 2673 1211 2715 V
