1916 2944
770 109 1107 158 -45-

148 222 321 274 cedere
358 237 449 287 per
485 220 684 286 spinam
721 219 876 269 rutila
911 219 1116 269 labente
1155 235 1343 269 corona

149 309 348 357 semper
384 290 647 355 suspicies,
686 291 739 339 at
773 289 906 354 tergi
940 289 1161 354 plurima
1195 305 1398 338 uersum

8 374 17 418 ’ς
47 374 118 417 185
146 364 324 412 uentre
360 364 510 419 tenus
549 376 745 410 summo
783 375 967 423 supera
1003 359 1135 408 inter
1171 358 1337 408 sidera
1372 373 1565 408 cernes:
1643 393 1646 395 Α

150 449 206 482 03
243 434 294 481 et
331 430 462 481 colla
498 429 681 479 dehinc
719 430 770 478 et
804 431 1013 493 pectora
1049 431 1196 478 uasta
1231 445 1322 492 per
1359 443 1548 492 aequor

149 502 449 550 mersantur.
520 498 706 563 premit
742 498 805 548 ab
842 497 1057 563 genibus
1095 498 1256 548 celsos
1294 496 1603 562 ophiuchum

148 587 308 636 usque
344 585 546 619 umeros
584 585 774 631 cancer,
810 583 989 618 cancer
1022 567 1211 632 premit
1247 570 1387 616 ortus
1426 568 1477 616 et
1507 580 1736 631 anguem,

149 639 353 704 agmine
389 656 488 703 qua
524 640 672 688 uasto
709 637 879 687 fluitat
916 639 1084 701 caput,
1122 653 1299 701 aspera
1336 635 1504 686 ceruix

13 747 17 754 ⁴
67 723 120 760 90
151 726 251 775 qua
286 711 450 758 tumet
487 710 538 757 et
574 707 725 772 spiris
763 724 862 771 qua
898 708 1110 771 turgent
1143 708 1350 771 pectora
1386 705 1576 770 primis.

13 782 19 798 ⁴
150 780 294 843 parte
331 795 424 827 nec
461 777 709 827 Arcturus
747 776 960 826 distabit
995 777 1183 825 multus
1220 777 1455 839 utraque,

149 849 254 897 iam
290 847 455 897 minor
490 847 544 897 in
582 845 799 911 superiS,
836 845 939 894 iam
974 846 1171 896 uiscera
1206 844 1452 910 plurimus
1491 844 1595 893 alto

151 917 398 967 conditur.
470 916 603 966 hunc
640 915 828 965 etenim
866 917 1151 965 consortem
1187 917 1429 979 quattuor
1465 912 1618 963 astris

152 986 381 1037 Oceanus
417 985 611 1050 recipit.
685 986 825 1034 satur
861 984 943 1034 hic
979 984 1065 1034 uix
1101 984 1305 1033 luminis
1345 983 1508 1033 omnis

14 1067 19 1104 3
69 1069 121 1107 95
153 1056 286 1106 cedit
322 1058 374 1105 et
408 1055 655 1119 incipiens
692 1054 898 1105 tandem
935 1070 1160 1103 conuexa
1196 1053 1454 1118 relinquit.

152 1129 262 1175 tum
298 1126 400 1174 iam
436 1125 550 1190 plus
587 1124 766 1174 mediis
802 1141 906 1174 nox
940 1122 1268 1173 inclinabitur
1302 1122 1465 1185 horis,

152 1212 267 1245 cum
302 1195 508 1244 labente
545 1194 625 1244 die
660 1192 866 1243 Phoebo
903 1210 1071 1243 comes
1107 1192 1204 1242 ibit
1238 1193 1290 1242 in
1329 1192 1503 1241 undas.

151 1265 251 1314 ista
289 1264 494 1330 quidem
529 1264 665 1313 uasti
701 1262 987 1313 conduntur
1023 1262 1238 1327 gurgitis
1278 1261 1406 1327 alto,

154 1337 330 1384 contra
366 1336 535 1383 autem
571 1333 711 1382 nullo
747 1348 884 1381 reses
922 1333 1089 1381 ortum
1126 1331 1320 1381 uiscere
1357 1329 1552 1395 profert

70 1415 124 1454 00
157 1402 334 1468 Orion,
370 1403 584 1453 rutilans
622 1401 854 1451 ardentia
890 1401 1096 1466 cingula
1132 1400 1254 1465 late,

156 1475 207 1522 et
241 1473 460 1539 flagrans
498 1488 698 1521 umeros
736 1472 788 1520 et
823 1469 1092 1535 splendens
1129 1486 1248 1520 ense
1286 1485 1493 1519 corusco

155 1542 534 1607 Eridanumque
569 1541 776 1590 trahens
816 1540 917 1591 alio
956 1557 1008 1589 se
1044 1539 1194 1589 litore
1231 1539 1433 1604 promit.

226 1611 543 1661 Adueniente
581 1609 762 1660 dehinc
798 1609 986 1663 uilloso
1021 1608 1156 1659 colla
1190 1609 1363 1659 leone

158 1682 349 1746 omnia,
386 1697 513 1747 quae
551 1696 732 1730 cancro
772 1695 880 1729 sese
918 1681 1207 1743 emergente
1245 1695 1335 1743 per
1372 1677 1601 1727 aethram

12 1778 14 1783 >
73 1763 126 1802 05
158 1751 464 1812 extulerant,
503 1750 704 1800 abeunt.
777 1749 900 1814 quin
937 1751 989 1797 et
1024 1747 1162 1798 Iouis
1202 1748 1306 1797 ales
1343 1747 1397 1796 in
1434 1747 1598 1797 undas

35 1846 36 1854 1
157 1820 389 1871 conditur
425 1823 476 1870 et
512 1820 635 1869 totis
673 1819 861 1883 raptim
898 1817 1027 1883 petit
1064 1834 1284 1884 aequora
1319 1817 1507 1883 pinnis.

158 1891 245 1940 sed
280 1891 428 1940 nixus
466 1890 678 1956 genibus
714 1889 956 1953 replicato
993 1905 1135 1937 crure
1171 1887 1397 1937 residens

272 2045 380 2083 1085
409 2054 558 2083 cernes
587 2039 631 2082 A
662 2052 813 2082 carnes
850 2038 893 2080 V
954 2042 1060 2081 1087
1092 2038 1230 2080 celsos
1261 2036 1530 2091 ophiuchum
1559 2035 1602 2077 A
1632 2035 1747 2078 celso

161 2096 373 2151 sophuicfi
417 2096 454 2138 V
598 2100 704 2137 1089
748 2094 894 2136 fluitat
930 2093 1108 2136 Grotius
1148 2092 1264 2146 pluit
1309 2092 1365 2134 ad
1417 2092 1497 2133 VA
1641 2095 1749 2133 1090

169 2208 211 2250 V
234 2207 307 2249 hic
329 2208 373 2249 A
445 2211 554 2249 1094
583 2208 706 2249 satur
733 2206 807 2247 hic
836 2206 912 2246 uix
939 2204 1117 2246 luminis
1148 2204 1190 2245 V
1214 2217 1291 2245 om.
1323 2204 1366 2245 A
1387 2205 1403 2256 ΙΙ
1426 2202 1566 2245 omnis
1595 2203 1752 2255 scripsi

160 2263 213 2317 cf.
252 2264 430 2306 Hermes
467 2263 597 2304 XVI
623 2276 671 2317 p.
709 2264 798 2304 123
832 2274 876 2303 w.
915 2264 971 2303 75
1012 2259 1152 2302 amnis
1198 2259 1280 2301 VA
1396 2263 1502 2301 1095
1538 2258 1751 2310 incipiens

162 2319 342 2362 Grotius
368 2318 615 2372 inspaciens
654 2317 696 2359 V
728 2316 964 2370 inspiciens
994 2316 1038 2357 A
1153 2319 1260 2358 1097
1291 2315 1469 2357 Phoebo
1508 2314 1551 2355 V
1576 2313 1751 2355 Phoebe

170 2375 284 2417 VAe
302 2376 319 2429 ΙΙ
339 2374 516 2416 labente
546 2374 589 2415 A
619 2373 806 2415 labende
843 2372 886 2414 V
975 2376 1082 2413 1099
1113 2370 1235 2414 nullo
1265 2384 1382 2412 reses
1413 2373 1556 2412 ortum
1585 2369 1752 2411 uiscere

161 2429 330 2485 profert
349 2430 504 2484 scripsi
526 2430 580 2482 cf.
596 2429 774 2471 Hermes
792 2428 908 2469 XII
919 2440 966 2482 p.
986 2431 1071 2470 15¹7
1091 2440 1134 2469 n.
1158 2430 1219 2470 25
1241 2426 1361 2468 nullo
1384 2429 1414 2468 fi
1437 2426 1564 2468 uultu
1585 2425 1753 2467 uiscere

164 2512 322 2541 uorans
359 2498 402 2540 V
428 2500 551 2542 nullo
576 2512 666 2540 non
694 2498 865 2539 uultum
897 2497 1062 2540 uiscere
1088 2483 1252 2538 ‘fiorans
1274 2496 1316 2538 A
1439 2500 1547 2537 1100
1577 2493 1755 2547 cingula

173 2555 215 2596 V
240 2554 396 2608 sydera
425 2556 467 2596 A
582 2558 688 2596 1102
727 2553 1051 2605 Eridanumque
1079 2565 1105 2594 v
1139 2551 1495 2605 Heridanumque
1533 2551 1599 2592 Ve
1630 2549 1753 2592 Heri-

166 2609 430 2664 dianumque
459 2610 504 2652 A
532 2611 546 2663 ΙΙ
575 2610 662 2652 alio
693 2623 739 2651 se
774 2622 799 2651 v
836 2608 946 2651 alios
984 2622 1007 2650 e
1053 2607 1170 2650 VAe
1308 2611 1414 2649 1103
1452 2607 1579 2649 leone
1614 2606 1658 2648 A
1694 2605 1754 2646 le-

155 2678 276 2708 onae
314 2665 356 2707 V
444 2670 549 2709 1107
581 2679 702 2708 crure
733 2664 963 2708 Schraderi
990 2664 1316 2707 commentarius
1343 2663 1485 2705 Berol.
1516 2663 1635 2705 lucre
1672 2661 1755 2703 VA

161 2166 249 2205 qua
291 2153 435 2194 tumet
478 2154 523 2194 et
565 2165 586 2193 e
623 2150 800 2202 Quanti}
831 2152 877 2191 et
920 2149 962 2191 V
996 2148 1218 2199 Quantum
1247 2150 1293 2190 et
1314 2149 1357 2190 A
1483 2152 1591 2189 1093
1634 2147 1750 2188 hunc
1811 2188 1814 2193 ,
