1916 2944
181 230 401 280 deratur.
484 246 605 279 nam
657 246 786 295 quae
833 230 997 295 primo
1049 247 1200 282 uersu
1253 233 1424 297 posita
1467 236 1585 283 sunt
1626 234 1783 283 uerba

177 300 507 367 prolesque
558 298 783 349 Auieni
843 300 969 349 illud
1025 302 1179 367 tecte,
1240 303 1327 352 sed
1381 303 1506 353 satis
1558 303 1780 353 indicare

177 369 426 419 uidentur.
489 371 539 418 et
573 369 688 434 ipsa
722 369 814 419 illa
852 371 1096 420 suboles
1134 372 1466 438 prolesque
1504 372 1568 422 ad
1597 391 1644 423 u,
1677 373 1780 423 370

177 439 486 488 Arateorum
533 441 763 504 spectare
810 442 982 505 atque,
1031 458 1144 490 cum
1196 442 1578 508 epigrammatis
1630 459 1780 493 uersu

177 509 396 573 septimo
442 508 588 559 ollis
631 510 876 574 scriptum
914 513 1070 575 esset,
1115 528 1175 560 ea
1212 512 1423 578 antiqua
1459 513 1780 577 pronominis

175 579 343 644 figura
379 579 639 628 Auienum
677 596 1039 644 saepenumero
1076 598 1224 630 usum
1264 599 1372 631 esse
1409 584 1544 632 recte
1581 583 1782 633 monuit

176 647 557 698 Wernsdorfius
595 649 820 699 eiusdem
858 649 977 699 libri
1014 651 1274 701 uolumine
1311 651 1360 701 V
1399 652 1430 701 2
1467 670 1513 717 p.
1545 652 1645 702 621
1671 670 1779 718 sqq.

177 717 313 767 idem
350 718 527 782 primis
565 718 813 783 uersibuS,
851 737 978 785 quos
1009 723 1183 771 sancto
1214 721 1351 786 patri
1380 722 1515 772 filius
1545 722 1780 773 Placidus
1868 726 1884 794 ι’,-

179 788 461 854 inscripsit,
507 787 815 839 Arateorum
855 789 1164 856 principium
1203 791 1462 857 designari
1499 808 1617 841 uere
1655 791 1779 841 iudi-

175 858 318 907 cauit
371 856 443 923 (V
494 859 527 908 2
578 876 625 924 p.
675 858 814 926 623).
899 877 1064 926 neque
1122 861 1281 926 igitur
1338 862 1533 912 Jacobo
1588 860 1779 927 Sponio

174 924 263 994 (cf.
306 927 621 978 Wernsdorf.
666 928 714 979 V
751 930 783 978 2
819 947 865 994 p.
905 929 1007 980 623
1053 933 1104 980 et
1146 929 1367 981 Boeckh.
1414 931 1478 980 ad
1522 930 1574 982 C.
1619 931 1657 980 I.
1696 930 1782 981 Gr.

176 1014 228 1047 n.
272 998 375 1047 372
425 1014 474 1062 p.
517 995 645 1066 436)
699 999 911 1065 aliisque
963 1000 1087 1050 uiris
1140 1000 1301 1051 doctis
1348 999 1434 1066 (cf.
1478 1000 1781 1051 Mommsen.

177 1066 240 1116 ad
279 1066 616 1133 epigramma,
661 1069 797 1134 quod
835 1086 990 1134 supra
1027 1067 1214 1138 attuli),
1251 1069 1444 1120 Aratea
1481 1071 1545 1121 ad
1581 1074 1781 1136 patrem

173 1136 282 1186 eius
335 1137 421 1202 qui
467 1138 782 1204 epigramma
825 1138 947 1188 fecit
988 1139 1257 1190 referenda
1303 1158 1412 1191 esse
1457 1141 1779 1191 censentibus

173 1206 422 1256 adsentiri
468 1225 694 1272 possum.
768 1209 948 1274 quodsi
993 1209 1046 1259 in
1090 1210 1241 1260 titulo
1287 1209 1481 1261 Graeco
1528 1209 1611 1276 (cf.
1650 1209 1704 1260 G.
1740 1209 1779 1261 I.

174 1275 259 1326 Gr.
303 1294 353 1326 n.
397 1277 500 1327 372
540 1302 605 1319 =
645 1277 699 1328 O.
742 1278 782 1328 Ι.
827 1279 888 1328 Α.
931 1278 958 1328 Ι
1000 1297 1046 1329 n.
1086 1278 1235 1347 635),
1287 1298 1385 1346 quo
1437 1279 1778 1331 Athenienses

172 1340 490 1396 ἀνθύπατον
546 1348 637 1412 τῆς
685 1343 940 1407 Ἑλλάδος
981 1345 1233 1415 Ῥούφιον
1291 1351 1502 1415 Φῆστον
1561 1350 1779 1401 honora-

170 1419 378 1481 uerunt,
416 1433 699 1482 cognomen
735 1435 839 1468 non
877 1419 1104 1469 additum
1142 1423 1239 1486 est,
1285 1421 1421 1470 haud
1460 1420 1564 1471 scio
1604 1438 1670 1470 an
1707 1421 1778 1470 ibi

171 1484 481 1536 Arateorum
519 1487 740 1553 scriptor
775 1505 881 1538 non
917 1489 1181 1540 indicetur.
1242 1508 1370 1556 quae
1408 1507 1523 1540 cum
1553 1490 1627 1540 ita
1658 1491 1776 1555 sint,

173 1556 329 1606 etiam
381 1555 602 1607 dubitari
654 1558 824 1624 debet,
883 1561 1054 1608 utrum
1105 1559 1184 1608 illi
1234 1559 1411 1610 Rufius
1466 1577 1777 1624 praenomen

170 1625 328 1675 fuerit
371 1642 439 1675 an
474 1625 655 1678 Rufus.
727 1645 849 1678 nam
894 1629 981 1694 qui
1019 1629 1066 1678 ei
1101 1628 1308 1679 Rufium
1346 1647 1655 1695 praenomen
1690 1630 1778 1680 tri-

171 1695 414 1760 buerunt,
464 1696 556 1746 illo
612 1698 762 1748 titulo
806 1698 1042 1748 nituntur
1085 1697 1169 1764 (cf.
1213 1699 1528 1750 Wernsdorf.
1566 1698 1614 1749 V
1661 1700 1693 1750 2
1728 1718 1778 1765 p.

172 1765 275 1815 623
308 1783 381 1831 sq.
447 1765 758 1832 Mommsen,
802 1768 975 1818 Herm.
1013 1767 1137 1819 XVI
1172 1788 1221 1834 p.
1260 1769 1362 1820 605
1399 1770 1510 1819 adn.
1553 1771 1579 1819 1
1619 1772 1670 1819 et
1706 1770 1776 1836 2).

173 1838 408 1886 contorta
442 1853 525 1886 res
564 1839 641 1887 est
678 1840 729 1887 et
766 1837 1000 1903 difficilis,
1039 1838 1102 1888 ad
1133 1857 1286 1905 quam
1317 1839 1683 1904 expediendam
1712 1857 1776 1890 ne

172 1905 368 1955 codices
415 1906 619 1972 quidem
660 1909 878 1957 multum
915 1909 1099 1958 ualent.
1172 1927 1291 1958 nam
1337 1927 1450 1959 cum
1487 1910 1616 1959 liber
1653 1908 1776 1959 Am-

170 1975 443 2025 brosianus
487 1976 677 2027 habeat
716 1977 911 2043 Ruffi,
955 1977 1164 2028 RVFFI
1206 1979 1426 2029 forsitan
1469 1980 1663 2030 factum
1709 1980 1777 2029 sit

172 2060 233 2094 ex
262 2044 467 2095 RVFII.
540 2046 732 2098 RVFII
770 2050 940 2098 autem
976 2047 1260 2114 profectum
1297 2049 1499 2099 uidetur
1537 2067 1567 2098 a
1595 2048 1775 2115 RVFI,

173 2115 309 2179 quod
345 2115 400 2164 in
438 2116 719 2182 archetypo
750 2117 908 2167 fuisse
937 2121 1140 2183 praeter
1169 2118 1460 2169 Gudianum
1490 2119 1619 2169 liber
1647 2118 1774 2169 Vin-

176 2184 484 2235 dobonensis
523 2189 575 2235 et
611 2184 765 2237 editio
805 2188 1162 2253 antiquissima
1197 2191 1465 2239 testantur.

313 2253 434 2305 Fuit
471 2258 641 2306 autem
673 2258 901 2307 Auienus
941 2260 1104 2308 aetate
1134 2258 1450 2325 Hieronymi,
1487 2259 1574 2325 qui
1610 2256 1695 2326 (³0.
1730 2276 1773 2309 a.

171 2323 294 2374 387³
326 2325 386 2374 cf.
409 2324 709 2376 Mommsen.
749 2328 812 2377 ad
844 2326 897 2378 C.
927 2327 965 2377 I.
994 2327 1050 2378 L.
1080 2327 1156 2379 VI
1184 2328 1240 2379 P.
1270 2328 1296 2379 I
1325 2346 1373 2379 n.
1397 2326 1522 2396 537)
1553 2329 1772 2379 Aratum

170 2393 237 2444 ab
274 2394 366 2445 illo
404 2412 597 2461 nuper
633 2397 687 2446 in
716 2396 959 2448 Latinum
997 2415 1281 2449 sermonem
1318 2398 1627 2449 translatum
1662 2415 1771 2448 esse

170 2462 225 2512 in
255 2465 402 2529 epist.
432 2465 496 2515 ad
520 2466 620 2516 Tit.
650 2467 766 2517 libr.
797 2485 837 2518 c.
864 2469 890 2518 1
924 2467 1113 2518 scribit.
1159 2470 1240 2519 cui
1269 2469 1493 2534 poemati
1515 2468 1770 2518 Auienum

111 2572 114 2574 -
170 2533 388 2584 indicem
429 2535 611 2587 fecisse
648 2536 848 2603 Arati,
892 2537 1074 2588 harum
1119 2555 1288 2589 rerum
1336 2539 1769 2589 existimatoribus

168 2603 415 2668 probasse
438 2605 567 2656 mihi
590 2606 765 2658 uideor
786 2607 842 2657 in
863 2612 1243 2674 programmate
1259 2609 1548 2659 Erfurtensi
1571 2627 1614 2659 a.
1634 2608 1769 2659 1882
1893 2646 1899 2651 ι

166 2689 216 2738 p.
248 2672 325 2723 III
347 2691 420 2740 sq.
