1916 2944
162 225 249 277 sed
285 224 422 276 cerni
458 225 576 273 sunt
611 224 851 289 prompta
886 227 1060 275 tamen
1095 228 1451 291 postremaque
1489 242 1641 290 parco

49 308 129 346 235
159 297 276 362 igne
313 294 517 344 micant.
588 291 676 342 ille
713 308 905 358 angue
943 312 1149 346 manum
1188 299 1447 346 consertus
1484 298 1748 360 utramque

160 364 374 431 erigitur
410 378 716 428 serpensque
755 361 936 414 dehinc
973 365 1208 428 elabitur,
1245 365 1422 415 ambas

157 434 338 484 flexilis
378 435 428 483 et
463 431 684 481 medium
723 431 885 497 cingit
924 434 1077 499 spiris
1115 434 1444 500 Ophiuchum,

159 521 308 569 quem
346 518 496 568 super
532 502 826 552 haerentem
862 504 1154 567 plantarum
1190 505 1323 554 mole
1360 504 1571 553 duarum

159 572 434 637 scorpios
470 572 524 621 in
560 571 790 638 geminas
830 572 1018 623 effusus
1056 574 1252 624 uiscera
1287 574 1448 639 partis

46 655 126 693 240
158 642 471 707 afflictusque
509 641 681 692 oculos
717 641 1077 708 maculosaque
1114 645 1320 708 pectora
1356 659 1561 707 pressus

159 712 387 763 sustinet.
460 712 682 777 attiguas
720 711 976 762 euoluitur
1014 714 1193 779 anguis
1229 713 1284 761 in
1322 729 1470 762 auras

159 782 362 847 agmine
398 798 502 830 non
539 797 699 846 aequo
735 797 897 846 neque
935 784 1081 832 tanta
1117 782 1378 832 uolumina
1415 798 1619 846 conpar.

156 869 275 901 nam
314 868 413 915 qua
450 850 626 899 dextra
662 866 841 900 manus
880 851 1087 902 sinuoso
1126 851 1366 917 adfigitur
1403 850 1577 916 angui,

156 920 358 986 parcius
397 919 460 969 ab
499 920 705 969 domino
742 922 889 984 terga
926 922 1164 987 explicat3
1201 922 1359 970 altera
1394 936 1546 985 porro

46 1002 126 1040 245
157 990 403 1055 plurimus
441 1006 499 1039 ac
536 990 697 1039 multo
735 1006 825 1054 per
861 990 1063 1041 laeuum
1100 990 1322 1055 pondere
1358 991 1529 1054 lapsus

157 1059 388 1109 funditur
425 1061 476 1108 et
511 1059 688 1124 rutilo,
725 1076 825 1125 qua
859 1059 945 1109 lux
983 1061 1126 1111 sedet
1161 1061 1331 1126 ignea,
1368 1062 1540 1109 mento

157 1145 316 1194 usque
353 1128 670 1178 Ariadnaeae
709 1145 819 1178 sese
856 1129 1026 1180 uicina
1063 1147 1280 1181 coronae

157 1198 381 1248 lubricus
417 1198 643 1248 inclinat.
714 1201 832 1263 post
870 1199 1060 1277 spiram
1097 1199 1308 1250 brachia
1345 1198 1602 1264 quondam

156 1267 431 1318 formidata
466 1267 598 1316 truci
636 1268 919 1332 suspexeris
957 1268 1148 1320 Orioni.

47 1349 126 1387 250
157 1337 281 1387 haec
318 1353 559 1386 concessa
596 1338 781 1386 etenim
819 1339 986 1387 curuis
1023 1340 1234 1390 metatio
1273 1337 1476 1388 chelis,

7 1416 9 1418 ’
156 1406 255 1456 huc
290 1406 480 1456 falcata
517 1404 632 1455 Chii
668 1410 935 1471 repserunt
971 1424 1163 1459 cornua
1198 1407 1434 1470 monstri,

159 1476 385 1526 sidereae.
415 1475 628 1524 nimium
664 1475 790 1525 facis
827 1476 1014 1542 indiga.
1086 1494 1305 1543 namque
1341 1476 1497 1525 hebes
1537 1474 1651 1524 ollis

157 1545 292 1612 ignis
331 1547 382 1595 et
419 1547 637 1610 optunso
676 1549 904 1595 marcent
938 1547 1174 1598 incendia
1211 1548 1361 1596 crine.

229 1613 441 1665 Callisto
479 1615 654 1664 rutilet
691 1615 873 1680 stellis,
911 1616 1091 1680 quibus
1129 1633 1286 1681 usque
1322 1614 1539 1665 ferinam

48 1697 129 1735 255
158 1701 322 1749 prona
359 1684 426 1734 sit
463 1684 704 1749 effigiem!
779 1701 877 1748 quo
915 1686 1116 1736 cardine
1153 1687 1389 1751 torqueat
1426 1700 1592 1746 axem,

159 1770 358 1818 semper
393 1754 669 1804 inocciduis
708 1755 946 1804 attollens
983 1755 1224 1821 lampada
1258 1753 1498 1817 flammis,

158 1823 582 1888 Arctophylax
619 1823 746 1887 siue,
783 1826 841 1873 ut
877 1827 1072 1875 ueteres
1111 1826 1356 1889 cecinere,
1391 1823 1639 1882 Bootes,

158 1893 355 1943 famosa
391 1892 626 1943 Arcadici
662 1895 858 1942 testans
897 1898 1184 1945 commenta
1219 1893 1442 1959 tyranni.

160 1965 210 2013 et
244 1963 364 2012 licet
400 1963 611 2012 instanti
648 1963 828 2012 similis
867 1963 1146 2029 similisque
1184 1963 1401 2014 minanti

271 2118 353 2156 234
374 2115 580 2168 prompta
603 2127 623 2156 e
645 2115 772 2168 prot-a
794 2114 835 2155 V
853 2115 983 2168 prota
1003 2114 1047 2155 A
1131 2119 1214 2157 236
1242 2114 1432 2157 elabitur
1453 2127 1474 2156 e
1497 2113 1636 2157 elabit
1665 2113 1748 2156 VA

0 2162 5 2203 1
161 2174 241 2212 239
279 2169 485 2224 scorpios.
509 2170 568 2212 Ve
600 2170 796 2223 scorpius
826 2171 869 2211 A
982 2174 1064 2212 240
1095 2170 1374 2223 afflictusque
1402 2182 1428 2212 v
1458 2169 1747 2223 Efflictusque

0 2258 2 2262 .
170 2226 278 2268 VAe
391 2230 470 2267 241
504 2226 696 2279 attiguas
727 2227 800 2268 Ae
829 2225 1054 2279 attinguas
1093 2227 1134 2268 V
1243 2230 1326 2268 244
1354 2227 1481 2279 terga
1510 2240 1530 2268 e
1558 2226 1676 2267 terta
1715 2225 1757 2266 V

158 2283 277 2323 terra
305 2282 348 2322 A
430 2285 511 2323 245
542 2282 682 2324 multo
712 2295 733 2323 e
762 2282 923 2323 multos
963 2281 1044 2322 VA
1130 2286 1211 2324 246
1241 2282 1389 2324 mento
1419 2281 1493 2323 Ae
1522 2293 1675 2323 menco
1714 2280 1756 2321 V

161 2341 241 2379 248
266 2340 429 2391 spiram
461 2337 541 2379 VA
565 2337 743 2380 Grotius
771 2337 915 2390 spreta
944 2350 964 2378 e
1056 2342 1138 2380 250
1167 2337 1350 2379 metatio
1381 2336 1518 2378 chelis
1550 2336 1632 2378 VA
1660 2349 1750 2377 me-

161 2392 275 2435 catio
305 2393 415 2435 uelis
444 2406 465 2435 e
494 2394 547 2446 cf.
571 2394 748 2435 Hermes
773 2393 854 2434 XI
867 2406 914 2446 p.
939 2397 1026 2436 249
1049 2407 1092 2436 n.
1117 2398 1146 2435 8
1232 2397 1312 2435 252
1344 2393 1536 2435 sidereae
1565 2391 1750 2433 nimium

171 2448 228 2489 Ve
257 2449 408 2502 sydere
439 2449 557 2490 enim
586 2449 631 2490 ui
660 2449 703 2490 A
769 2452 850 2490 253
883 2450 1071 2502 optunso
1108 2449 1150 2490 V
1174 2449 1330 2491 obtuso
1359 2447 1439 2490 Ae
1495 2461 1537 2489 u.
1569 2450 1658 2490 254
1686 2448 1752 2489 in-

158 2504 364 2546 scribitur
382 2504 604 2547 BOOTES
629 2504 740 2546 VAe
769 2508 851 2546 254
866 2517 1003 2557 usque
1023 2503 1203 2547 Grotius
1218 2505 1353 2557 utque
1380 2503 1557 2555 VAecf.
1575 2503 1753 2545 Hermes

163 2559 246 2600 XI
280 2572 326 2612 p.
372 2564 462 2603 250
505 2574 547 2602 n.
594 2565 620 2603 9
757 2564 837 2602 257
884 2560 1184 2614 Arctophylax
1227 2573 1248 2601 e
1271 2518 1456 2612 qArctop
1457 2559 1578 2600 hilax
1624 2557 1703 2600 VA
1738 2557 1753 2613 Η

158 2615 330 2656 ueteres
359 2615 432 2712 Are
462 2618 608 2659 uetere
648 2615 688 2657 V
712 2617 727 2670 ΙΙ
756 2615 915 2658 Bootes
945 2616 1016 2658 Ae
1019 2575 1178 2659 pBotes
1217 2615 1258 2657 V
1365 2618 1446 2656 258
1477 2613 1653 2668 tyranni
1681 2613 1754 2656 Ac

158 2670 343 2712 tirranni
