1916 2944
49 368 156 407 1760

47 716 154 754 1765

46 1066 152 1104 1770

44 1414 149 1454 1775

43 1765 150 1802 1780

815 108 1154 156 „722-

188 218 421 283 gramina
459 218 503 267 si
541 217 704 281 carpit
741 233 936 267 semesa
970 218 1197 282 petacius
1237 235 1406 284 anser,
1453 268 1456 270 ,

189 287 231 336 si
267 290 519 337 nocturna
555 287 651 335 tibi
689 287 863 336 cornix
901 287 1057 352 canit,
1094 287 1335 352 hesperus
1373 289 1551 338 aethra

188 373 301 407 cum
337 357 489 421 redit,
525 356 792 406 innumero
831 356 876 405 si
914 360 1066 406 cantu
1103 358 1338 422 graculus
1376 359 1557 422 instat,
1797 371 1860 403 485

188 428 231 476 si
269 426 521 476 matutino
558 426 826 491 fringuilla
861 426 1081 476 resultat
1119 427 1182 476 ab
1221 445 1327 492 ore,

187 496 230 545 si
266 496 472 562 fugiunt
507 496 740 546 uolucres
777 495 964 560 raptim
1001 496 1134 546 freta
1170 497 1374 547 turbida
1409 497 1579 560 Nerei,

187 565 404 616 orchilos
441 565 659 615 infestus
698 565 741 615 si
777 565 1049 615 floricomis
1087 567 1386 631 hymenaeis

185 635 289 684 ima
325 636 454 700 petit
490 638 677 700 terrae,
715 635 758 684 si
797 635 1012 700 denique
1050 654 1238 701 paruus
1277 637 1497 687 eritheus

187 705 409 755 succedit
444 705 639 770 trepide
677 722 948 770 scruposae
986 723 1207 756 concaua
1242 707 1400 772 rupis,
1799 721 1861 751 440

187 772 456 840 Cecropias
496 776 539 824 si
575 778 752 840 pastus
792 793 912 841 apes
950 776 1145 826 uicinus
1185 776 1250 826 ob
1287 777 1398 839 ipsa

185 847 352 894 castra
386 844 584 894 inhibet
618 845 898 911 florumque
936 845 1087 895 simul
1123 845 1365 896 libamina
1400 846 1623 894 maestae

182 914 416 980 proxima
453 915 746 980 decerpunt,
785 916 828 965 si
865 914 1127 966 Threiciae
1162 933 1252 980 per
1288 918 1464 980 aperta

184 988 366 1049 sponte
405 1001 555 1050 grues
593 985 857 1048 trepidant
890 1002 983 1035 nec
1021 981 1130 1035 sese
1167 985 1439 1034 audacibus
1478 984 1684 1034 aethrae

184 1054 514 1104 committunt
549 1054 743 1120 pinniS‚
780 1057 838 1104 ut
875 1055 1059 1121 longos
1097 1071 1247 1120 saepe
1287 1056 1486 1104 uolatus
1801 1068 1864 1100 445

182 1123 467 1174 formauere
506 1141 678 1190 super,
716 1125 761 1174 si
798 1124 954 1174 soluit
990 1142 1176 1174 aranea
1213 1141 1402 1190 casses,

182 1195 358 1244 tenuia
395 1195 437 1244 si
474 1196 585 1244 toto
622 1193 764 1243 uehit
800 1197 972 1244 auster
1008 1195 1127 1244 licia
1164 1194 1324 1244 caelo:

182 1282 301 1314 mox
337 1266 671 1329 tempestates
710 1267 762 1313 et
798 1264 977 1314 nubila
1013 1266 1180 1314 taetra
1216 1264 1425 1314 cientur.

253 1333 385 1392 Quid
421 1334 617 1384 maiora
654 1334 869 1384 canam?
907 1334 1035 1384 cinis
1073 1351 1158 1399 en,
1194 1333 1322 1384 cinis
1359 1334 1490 1399 ipse,
1527 1337 1734 1399 repente

181 1420 295 1453 cum
333 1404 456 1468 coit,
494 1404 685 1454 albenti
720 1404 808 1453 nix
845 1406 1007 1453 terras
1045 1404 1202 1453 uestit
1238 1404 1441 1454 amictu.
1801 1418 1864 1450 450

180 1474 268 1522 nix
306 1474 470 1538 operit
505 1476 689 1539 terras,
725 1473 894 1523 rutilis
931 1474 1020 1523 ubi
1057 1474 1248 1523 lumina
1284 1474 1462 1538 prunis

180 1560 379 1593 summa
414 1544 598 1592 rubent
635 1546 902 1609 errantque
939 1544 1083 1593 breui
1119 1543 1335 1609 caligine
1374 1560 1573 1593 crassae

178 1613 390 1663 interius
428 1613 643 1663 nebulae
681 1616 732 1662 et
768 1613 925 1662 denso
962 1613 1066 1663 iam
1102 1613 1264 1663 fomes
1301 1613 1355 1663 in
1390 1613 1500 1678 igni

179 1683 448 1733 marcescit
483 1683 702 1748 penitus.
774 1682 975 1747 pluuios
1012 1700 1132 1733 mox
1169 1686 1349 1748 arguet
1385 1686 1585 1733 austros
1596 1723 1608 1748 ,

180 1753 348 1802 induit
383 1753 650 1803 inmodicis
688 1770 804 1803 cum
841 1755 1003 1803 semet
1037 1752 1248 1803 floribus
1284 1753 1400 1802 ilex.
1799 1768 1863 1799 455

179 1823 354 1888 indiga
390 1840 510 1872 nam
549 1823 656 1873 suci
694 1823 834 1889 ligno
871 1825 1054 1872 natura
1089 1823 1279 1888 rigenti
1318 1826 1394 1872 est

180 1895 230 1942 et
267 1910 380 1942 cum
416 1894 539 1942 flore
576 1909 733 1958 nouo,
770 1910 883 1942 cum
920 1892 1131 1943 brachia
1170 1892 1352 1959 glande
1390 1895 1691 1959 grauantur,

293 2006 400 2044 1758
438 2001 639 2056 gramina
668 2001 711 2042 A
747 2001 940 2044 tramina
968 2001 1010 2042 L
1037 2003 1052 2055 ΙΙ
1087 2015 1257 2044 semesa
1292 2002 1491 2056 petasius
1524 2015 1548 2043 v
1578 2015 1623 2044 se
1653 2016 1775 2044 mens

178 2060 332 2112 apetat
360 2058 427 2099 ius
458 2058 501 2099 A
532 2071 731 2099 semensa
758 2057 959 2111 petacius
990 2057 1068 2099 Le
1090 2059 1104 2111 ΙΙ
1134 2071 1260 2099 anser
1290 2059 1333 2099 A
1362 2058 1485 2100 anfer
1513 2058 1553 2098 L
1670 2063 1775 2100 1760

177 2115 406 2156 innumero
442 2128 467 2155 v
497 2114 543 2155 in
573 2126 754 2155 numero
784 2113 864 2155 Ae
891 2114 1142 2156 innumeres
1171 2114 1212 2155 L
1239 2116 1254 2168 ΙΙ
1282 2114 1486 2168 graculus
1515 2128 1535 2155 e
1564 2114 1775 2167 gracchu-

177 2171 245 2211 lus
275 2171 318 2212 A
348 2170 558 2223 gragulus
587 2169 629 2210 L
719 2174 827 2211 1761
858 2169 1087 2223 fringuilla
1117 2183 1137 2211 e
1165 2169 1384 2224 pinguilla
1414 2171 1456 2210 A
1485 2170 1714 2222 frinquilla
1735 2170 1777 2210 L

180 2230 287 2268 1762
318 2227 482 2279 raptim
511 2226 555 2267 A
584 2225 703 2278 rapti
733 2225 774 2266 L
796 2227 810 2279 ΙΙ
832 2225 966 2267 Nerei
993 2225 1070 2268 Le
1099 2225 1231 2268 Nesei
1259 2226 1302 2267 A
1384 2231 1490 2268 1763
1521 2226 1775 2278 hymenaeis

176 2295 197 2324 e
233 2282 450 2336 hymineis
479 2283 523 2323 A
641 2285 748 2322 1764
784 2281 899 2335 petit
934 2295 954 2322 e
989 2283 1091 2333 pete
1122 2281 1165 2323 A
1281 2285 1386 2324 1765
1420 2281 1590 2335 trepide
1619 2283 1776 2336 scripsi

177 2339 231 2390 cf.
263 2351 412 2392 progyr.
443 2338 618 2389 Erfurt.
658 2351 698 2379 a.
731 2340 851 2380 1882
881 2351 930 2391 p.
965 2337 1075 2378 XII
1105 2337 1305 2390 trepidae
1339 2338 1418 2379 Ae
1447 2339 1461 2390 ss
1491 2350 1725 2390 scruposae
1755 2352 1775 2380 e

175 2407 224 2436 sa
253 2407 440 2447 ruposae
471 2395 513 2435 A
536 2395 551 2447 ΙΙ
579 2393 700 2446 rupis
731 2407 751 2435 e
785 2392 948 2447 puppis
978 2393 1022 2434 A
1137 2398 1243 2435 1769
1274 2406 1403 2448 grues
1433 2395 1471 2435 A
1506 2407 1661 2446 graues
1691 2393 1732 2434 L
1760 2394 1775 2449 Η

175 2449 415 2492 audacibus
440 2450 482 2491 L
506 2449 715 2491 audacius
738 2448 782 2490 A
803 2451 817 2503 ΙΙ
841 2449 1020 2491 aethrae
1042 2449 1083 2490 L
1101 2462 1121 2491 e
1149 2450 1304 2491 aethra.
1331 2449 1374 2490 A
1491 2453 1599 2491 1770
1627 2449 1775 2502 pinnis

174 2506 218 2546 A
241 2505 395 2559 pennis
418 2506 458 2546 L
479 2506 495 2559 ΙΙ
516 2505 671 2559 longos
694 2518 717 2546 v
748 2506 907 2556 longus
930 2505 972 2546 A
990 2519 1010 2547 e
1038 2505 1194 2559 longos
1223 2506 1265 2546 L
1285 2507 1300 2559 ΙΙ
1321 2505 1495 2547 uolatus
1526 2506 1568 2546 A
1601 2505 1775 2547 uolatur

175 2561 217 2602 L
336 2566 441 2604 1772
479 2561 584 2603 licia
620 2575 640 2603 e
676 2560 775 2602 litia
803 2562 847 2601 A
963 2565 1070 2604 1774
1102 2560 1210 2603 cinis
1241 2575 1294 2603 en
1324 2560 1433 2603 cinis
1457 2561 1635 2603 Grotius
1665 2561 1773 2602 cinis

176 2617 283 2658 cinis
306 2618 349 2658 A
412 2622 517 2659 1776
541 2615 691 2671 prunis
715 2631 735 2658 e
756 2616 911 2671 primis
933 2617 976 2658 A
1038 2621 1143 2659 1777
1168 2617 1292 2659 breui
1322 2631 1342 2659 e
1373 2617 1525 2659 breues
1557 2617 1599 2658 A
1622 2618 1636 2670 ΙΙ
1661 2630 1772 2659 eras·

175 2686 248 2715 sae
280 2673 459 2716 Grotius
488 2686 635 2717 crassa
662 2673 706 2715 A
