1916 2944
860 131 1199 181 -75—

227 243 365 292 certa
403 241 507 302 suis
547 242 728 292 studiis
768 243 946 292 adfixit
982 242 1130 308 signa
1165 242 1335 294 futuri.

225 328 443 376 namque
481 314 532 362 et
569 313 681 362 ouis
720 312 902 378 cupido
941 313 984 362 si
1021 313 1255 377 gramina
1291 312 1503 363 tondeat
1540 329 1647 378 ore,

225 382 510 431 insaturata
547 381 669 447 cibi,
708 381 980 447 decerpens
1018 381 1174 432 latius
1212 398 1384 447 agros,

224 453 404 516 pastor
439 451 492 500 id
528 450 770 502 indicium
806 451 1048 516 pluuialis
1085 451 1291 517 frigoris
1330 452 1456 502 edet.

23 546 27 563 ε
89 533 196 572 1840
227 523 278 571 et
315 521 359 570 si
394 521 683 585 persultans
722 522 853 571 aries
891 521 1132 571 lasciuius
1168 521 1352 571 herbas
1846 535 1907 567 515

225 590 436 654 adpetat
474 594 562 640 aut
598 608 706 641 sese
745 591 1024 641 sustollant
1059 591 1272 640 saltibus
1308 591 1461 641 haedi

223 659 309 709 uel
347 660 390 709 si
427 660 544 726 iuge
583 660 728 726 gregi
764 661 972 726 cupiant
1006 660 1212 710 haerere
1243 677 1335 711 nec
1373 678 1588 727 usquam

224 730 475 779 matribus
514 730 792 780 abscedant
829 733 881 780 et
918 730 962 780 si
1000 730 1107 780 sine
1144 731 1244 780 fine
1282 731 1533 796 modoque

224 799 413 864 pabula
451 800 697 865 delibent,
737 817 852 850 cum
887 802 1026 850 tutas
1063 817 1244 865 uesper
1281 801 1418 850 adire

88 882 194 921 1845
227 869 482 934 conpellat
519 870 710 934 caulas,
747 869 1106 920 monstrabunt
1144 869 1316 919 adfore
1353 870 1569 920 nimbos.
1846 883 1908 915 520

294 938 472 989 Bubus
511 942 683 989 arator
718 939 845 989 item
880 939 1043 989 trahit
1079 941 1221 989 atrae
1259 939 1409 1006 signa
1444 940 1719 1005 procellae,

223 1009 447 1059 lambere
487 1010 528 1059 si
564 1009 742 1075 lingua
779 1009 945 1074 prima
980 1009 1074 1060 hos
1112 1009 1334 1076 uestigia
1370 1009 1502 1059 forte

223 1078 411 1128 uiderit
448 1081 537 1128 aut
573 1079 805 1128 dextrum
843 1082 1163 1144 prosternere
1201 1095 1384 1144 corpus
1422 1079 1477 1128 in
1517 1097 1736 1143 armum,

224 1149 307 1197 uel
345 1149 387 1198 si
423 1149 637 1213 prolixis
677 1166 827 1198 auras
866 1149 1145 1214 mugitibus
1181 1148 1400 1214 inplent,

90 1230 196 1270 1850
224 1235 415 1283 pascua
450 1219 738 1284 linquentes
775 1219 862 1268 uix
898 1235 1121 1283 uespere.
1194 1219 1282 1268 dat
1319 1236 1472 1284 capra
1508 1219 1637 1268 moti
1847 1231 1909 1263 525

226 1305 428 1337 rursum
466 1289 614 1354 signa
649 1289 775 1353 poli,
813 1305 927 1338 cum
964 1288 1125 1353 spinis
1161 1288 1292 1338 ilicis
1330 1291 1470 1338 atrae

226 1358 391 1407 multa
427 1357 606 1407 inhiat.
678 1358 825 1408 docet
859 1358 987 1407 haec
1023 1358 1200 1408 eadem
1237 1375 1322 1408 sus
1359 1357 1570 1408 horrida
1606 1374 1785 1423 caeno,

227 1427 447 1493 gurgitis
483 1427 676 1477 inluuie
714 1427 756 1477 si
795 1428 994 1492 saepius
1031 1427 1337 1477 inuoluatur.

7 1558 10 1562 Δ
298 1496 517 1547 Martius
555 1497 663 1562 ipse
700 1497 850 1562 lupus
887 1497 1128 1547 uillarum
1165 1497 1399 1561 proxima
1436 1497 1677 1547 oberrans

4 1588 35 1614 1Ἰ
90 1579 197 1619 1855
230 1565 590 1632 adfectansque
626 1567 763 1617 locos
800 1567 1066 1616 hominum
1102 1567 1389 1632 lectumque
1427 1567 1685 1632 laremque
1849 1580 1910 1612 530

230 1639 410 1702 sponte
447 1639 627 1702 petens
665 1654 836 1687 crasso
874 1653 1176 1702 consurgere
1215 1636 1394 1686 nubila
1431 1637 1572 1686 caelo

226 1710 536 1771 praemonet.
608 1706 660 1756 id
696 1707 843 1772 parui
881 1723 995 1756 011111
1033 1706 1255 1756 stridunt
1292 1706 1507 1772 denique
1545 1723 1712 1756 mures
1721 1746 1733 1771 ‚

229 1793 342 1826 cum
381 1777 567 1843 gestire
607 1776 736 1842 s010‚
774 1793 887 1827 cum
923 1776 1095 1826 ludere
1130 1775 1265 1826 forte
1302 1776 1559 1840 uidentur,

30 1885 31 1903 J
228 1846 543 1911 portendunt
578 1846 802 1910 tibimet3
839 1846 979 1896 canis
1017 1845 1070 1895 id
1105 1846 1440 1911 praesentiat,
1477 1846 1613 1896 ultro

28 1907 31 1973 J
92 1928 199 1969 1860
229 1917 464 1966 tellurem
500 1916 714 1966 fodiens.
787 1918 962 1966 tamen
997 1915 1143 1981 haec,
1179 1919 1353 1965 tamen
1391 1916 1562 1965 omnia
1598 1932 1768 1965 rerum
1849 1927 1911 1960 535

231 1986 404 2036 adfore
440 1987 523 2035 uel
559 1986 724 2051 primo
761 1986 963 2036 nimbos
1001 2003 1118 2036 mox
1156 1986 1262 2036 sole
1301 1985 1574 2049 docebunt,

346 2196 452 2234 1836
484 2194 604 2235 certa
633 2193 722 2235 suis
752 2206 772 2235 e
801 2194 942 2234 certas
971 2192 1039 2235 uis
1069 2192 1112 2233 A
1194 2196 1299 2234 1837
1331 2192 1427 2234 ouis
1458 2205 1479 2234 e
1506 2192 1574 2234 uis
1603 2192 1646 2234 A
1721 2196 1828 2234 1838

230 2249 476 2291 insaturata
513 2248 600 2290 cibi
640 2262 661 2291 e
695 2248 863 2291 insatus
900 2248 1086 2290 atacibis
1117 2248 1160 2290 A
1275 2253 1383 2290 1839
1421 2248 1466 2289 id
1498 2261 1521 2289 v
1553 2250 1599 2290 et
1627 2248 1670 2289 A
1700 2260 1778 2290 om.
1810 2261 1830 2289 e

234 2309 339 2347 1841
379 2305 564 2358 adpetat
598 2304 777 2347 Grotius
814 2304 987 2358 appetit
1014 2305 1058 2345 A
1195 2308 1302 2346 1843
1341 2303 1582 2346 abscedant
1616 2317 1641 2345 v
1680 2316 1829 2345 ascen-

233 2360 340 2403 dant
368 2361 412 2401 A
442 2360 711 2403 abscendant
740 2374 760 2402 e
887 2364 995 2401 1844
1024 2372 1180 2413 uesper
1210 2359 1332 2401 adire
1360 2373 1385 2401 v
1415 2371 1599 2413 uespera
1627 2359 1720 2401 dire
1751 2360 1831 2401 Ae

148 2449 156 2458 .
236 2420 344 2459 1845
376 2416 600 2470 conpellat
631 2415 915 2470 (Compellat)
938 2429 959 2457 e
981 2415 1229 2468 Compellas
1251 2416 1294 2456 A
1315 2416 1331 2469 ΙΙ
1352 2415 1525 2457 nimbos
1555 2428 1576 2457 e
1606 2414 1722 2457 enim
1751 2415 1830 2456 bos

233 2473 277 2513 A
415 2476 520 2513 1847
558 2471 714 2526 lingua
749 2485 774 2514 v
810 2472 1010 2525 linguam
1045 2471 1124 2513 Ae
1254 2475 1360 2513 1848
1399 2473 1478 2513 aut
1513 2485 1534 2513 e
1570 2470 1627 2513 ad
1663 2471 1707 2512 A
1735 2472 1750 2525 ΙΙ
1785 2470 1832 2511 111

235 2540 405 2569 armum
428 2541 448 2569 e
477 2528 552 2570 ina
579 2528 733 2582 pinum
756 2527 799 2569 A
888 2531 994 2569 1851
1027 2526 1162 2580 spinis
1184 2539 1209 2568 v
1239 2526 1355 2580 pinis
1379 2527 1422 2568 A
1450 2526 1598 2581 pinnis
1622 2540 1642 2568 e
1722 2531 1829 2568 1852

236 2596 370 2626 caeno
407 2597 428 2626 e
466 2596 573 2626 cena
609 2584 652 2625 A
797 2587 906 2625 1854
940 2583 1069 2637 lupus
1098 2595 1119 2625 e
1147 2583 1267 2624 lusus
1299 2583 1342 2623 A
1486 2586 1592 2625 1856
1622 2583 1776 2635 petens
1806 2595 1830 2623 υ

235 2641 392 2692 potens
422 2639 465 2680 A
481 2653 501 2681 e
589 2643 696 2681 1859
727 2639 774 2680 id
803 2639 1074 2692 praesentiat
1094 2639 1210 2680 ultro
1234 2639 1389 2690 scripsi
1413 2639 1464 2690 ef.
1489 2638 1667 2681 Hermes
1692 2637 1838 2680 XIII

229 2707 277 2748 p,
309 2698 397 2738 362
427 2709 471 2738 n.
502 2698 558 2738 45
587 2695 652 2737 idi
680 2694 824 2737 rentia
853 2695 1017 2737 adultis
1047 2694 1090 2736 A
1120 2694 1165 2736 id
1195 2693 1442 2748 praesentia
1471 2693 1588 2736 ultro
1619 2708 1640 2736 e
