1916 2944
837 127 1174 177 „55-

213 240 292 288 ast
330 237 466 302 orbis
503 237 656 287 medii
693 239 736 287 si
774 238 951 288 caedat
987 237 1212 304 Cynthia
1247 239 1486 304 formam,

213 309 419 358 octauos
459 310 600 357 ortus
638 310 916 374 octauaque
953 309 1185 373 plaustra
1222 307 1438 359 docebit.

20 394 34 427 '5
62 379 183 429 ’1335
215 377 428 442 denique
466 394 579 427 cum
616 379 726 427 toto
765 377 858 427 dea
893 378 994 427 iam
1034 378 1308 428 surrexerit
1344 395 1451 443 ore,
1825 395 1864 424 ιο

213 447 411 512 integer
446 450 503 496 ut
539 447 713 512 magni
747 447 1066 512 resplendeat
1103 447 1321 497 ambitus
1360 448 1520 515 orbis,

214 516 467 566 effluxisse
506 516 603 565 sibi
639 516 792 567 medii
829 518 931 566 iam
967 520 1200 582 tempora
1237 518 1424 567 mensis

213 586 519 636 monstrabit
556 587 708 636 caelo.
779 587 915 651 pleni
953 603 1066 637 cum
1103 603 1275 637 rursus
1314 603 1476 652 egena

23 714 27 727 ι
213 655 314 704 0118
352 658 453 721 eat,
489 658 634 705 tanto
671 656 948 721 procedens
984 656 1172 706 lumine
1208 656 1423 722 formae,

75 737 182 777 1340
212 724 391 775 inserit
429 725 576 776 aeriis
615 729 859 790 quantum
895 726 988 775 dea
1022 726 1242 776 nubibus
1279 726 1434 792 ignis,
1825 745 1865 776 15

213 812 323 845 esse
361 795 667 845 senescentis
707 796 910 845 sibimet
945 795 1207 861 dispendia
1242 797 1430 846 mensis

212 864 302 914 illa
339 863 504 930 docet,
542 865 724 930 quibus
761 866 814 914 in
850 865 991 915 rutili
1029 865 1248 916 confinia
1283 866 1457 916 fratris

211 934 363 983 tertia
398 935 485 983 uix
521 934 710 984 mundo
749 937 979 1000 superest
1013 935 1112 985 uia.
1185 952 1298 985 cum
1335 936 1504 986 minus
1543 939 1712 986 autem

212 1004 507 1053 umbrarum
545 1004 785 1070 excludit,
824 1007 943 1054 sunt
979 1005 1107 1054 tales
1146 1007 1387 1070 quattuor
1423 1007 1563 1056 ortus

75 1085 180 1124 1345
212 1074 482 1123 marcentis
520 1074 692 1139 lunae,
730 1075 902 1139 quales
942 1075 1035 1124 sub
1074 1091 1244 1124 mense
1283 1079 1460 1125 renato
1824 1094 1865 1123 20

214 1145 456 1208 quattuor
492 1147 773 1210 exsurgunt
807 1145 1096 1210 languentis
1132 1144 1339 1194 luminis
1376 1146 1606 1210 umbrae,

213 1212 375 1277 adque
411 1212 490 1262 his
529 1216 738 1263 octonas
775 1214 1038 1263 includunt
1075 1214 1248 1263 ordine
1284 1214 1434 1264 luces,

212 1282 592 1332 interiectorum
630 1300 898 1333 numerum
937 1300 1136 1349 quoque
1172 1300 1323 1334 nosse
1362 1284 1555 1334 dierum

37 1393 45 1420 s
210 1354 448 1416 prompta
483 1352 568 1401 uia
606 1355 702 1403 est:
739 1353 948 1418 proprio
987 1370 1184 1418 semper
1220 1353 1312 1402 dea
1347 1354 1578 1418 proditur
1615 1371 1722 1419 ore,

0 1451 6 1470 .
74 1433 181 1472 1350
213 1421 426 1471 scandat
463 1423 653 1487 quanta
689 1423 882 1486 polum,
921 1423 1154 1488 quotiens
1191 1425 1394 1472 temone
1431 1424 1671 1474 iuuencos
1826 1440 1867 1471 25

7 1506 10 1507 ’
213 1491 476 1540 strinxerit
512 1493 563 1540 et
599 1494 790 1557 quanto
828 1492 931 1541 iam
967 1493 1172 1542 tramite
1208 1492 1415 1557 liquerit
1450 1493 1628 1543 undas.

280 1559 356 1609 Ac
394 1560 679 1611 decedentis
717 1564 975 1626 postrema
1013 1562 1308 1627 crepuscula
1343 1563 1510 1612 noctis

211 1630 290 1680 bis
330 1647 417 1680 sex
453 1630 600 1696 signa
635 1631 752 1695 tibi,
790 1648 917 1696 quae
954 1635 1126 1682 uersat
1163 1632 1377 1697 signifer
1415 1632 1571 1698 orbis,

211 1700 592 1764 monstrabunt,
630 1717 780 1750 cursu
815 1718 935 1750 nam
971 1700 1206 1751 Phoebus
1245 1701 1446 1766 singula
1482 1704 1650 1752 mutat

7 1774 11 1791 ³
75 1782 181 1821 1355
214 1786 412 1835 semper
449 1772 500 1819 et
536 1770 731 1820 alterno
771 1770 994 1821 succedit
1028 1771 1081 1820 in
1120 1771 1292 1820 omnia
1329 1772 1498 1836 lapsu,
1826 1789 1867 1818 30

213 1839 483 1890 conficiens
520 1840 619 1890 iter
657 1839 952 1890 aetherium.
1024 1857 1160 1890 nunc
1195 1837 1376 1906 igneus
1413 1841 1549 1890 istud

327 2023 434 2060 1333
465 2019 536 2061 ast
563 2031 584 2061 e
605 2019 736 2060 Astat
766 2019 807 2059 V
823 2021 838 2072 ΙΙ
861 2019 1016 2061 caedat
1040 2020 1197 2073 scripsi
1218 2020 1270 2071 cf.
1294 2019 1473 2062 Hermes
1498 2019 1628 2060 XVI
1646 2033 1695 2073 p.
1719 2022 1805 2063 126

212 2087 256 2116 w.
279 2076 337 2116 83
367 2075 496 2117 cedat
526 2075 567 2116 V
623 2079 731 2116 1334
762 2078 940 2116 octauos
970 2089 995 2116 v
1026 2077 1207 2117 octauus
1238 2075 1304 2117 Vc
1363 2079 1470 2117 1335
1494 2076 1577 2117 dea
1593 2074 1687 2116 iam
1712 2090 1805 2117 sur-

212 2129 376 2172 rexerit
398 2144 471 2172 ore
503 2130 545 2172 V
562 2143 639 2173 om.
663 2131 706 2171 A
795 2135 902 2172 1336
929 2132 978 2172 ut
1000 2131 1150 2184 magni
1170 2131 1450 2184 resplendeat
1471 2129 1664 2173 ambitus
1688 2131 1806 2173 orbis

222 2186 264 2226 V
282 2199 360 2228 om.
384 2187 427 2227 A
515 2190 619 2228 1337
644 2186 863 2228 effluxisse
889 2186 930 2227 V
948 2186 1117 2228 effluxis
1131 2186 1175 2227 A
1195 2188 1210 2240 ΙΙ
1233 2186 1316 2228 sibi
1339 2186 1473 2229 medii
1494 2187 1585 2228 iam
1604 2188 1807 2241 tempora

214 2242 374 2284 mensis
412 2242 453 2282 V
485 2254 562 2284 om.
593 2242 636 2284 A
752 2246 859 2283 1338
897 2242 1157 2284 monstrabit
1189 2242 1309 2285 caelo
1340 2243 1461 2296 pleni
1490 2256 1514 2285 v
1542 2243 1809 2286 monstrabit

215 2297 338 2339 caelo
377 2298 519 2351 spleni
555 2298 597 2339 V
618 2301 716 2351 post
746 2297 855 2339 XII
882 2299 1121 2340 litterarum
1148 2300 1337 2352 spatium
1365 2297 1489 2352 pleni
1517 2298 1559 2339 A
1597 2297 1806 2341 Monstra-

213 2353 281 2395 bit
324 2354 468 2396 caelos
510 2353 632 2406 pleni
677 2367 696 2395 e
839 2358 947 2395 1340
989 2354 1104 2408 ignis
1143 2355 1300 2407 scripsi
1333 2354 1459 2408 ignes
1504 2354 1622 2396 VAe
1657 2355 1806 2408 ignem

216 2409 395 2451 Grotius
424 2411 477 2461 cf.
502 2423 783 2463 proyramma
812 2410 1071 2462 Erfurtense
1100 2425 1139 2452 α.
1173 2413 1285 2453 1882
1313 2424 1355 2462 p.
1390 2410 1439 2451 X
1546 2414 1650 2451 1341
1684 2423 1805 2452 sene-

216 2463 377 2507 scentis
407 2465 449 2507 V
475 2478 598 2508 senes
628 2465 769 2507 contis
792 2467 834 2507 A
930 2470 1036 2507 1342
1067 2466 1112 2507 in
1140 2465 1264 2508 rutili
1294 2466 1335 2507 V
1359 2478 1438 2509 om.
1469 2466 1512 2507 A
1603 2470 1710 2508 1346
1739 2466 1807 2507 111-

215 2519 348 2562 minis
385 2535 405 2563 e
446 2521 611 2564 lumine
648 2521 690 2562 V
721 2521 908 2563 lumines
943 2523 1127 2564 correxit
1155 2521 1198 2563 A
1314 2526 1419 2563 1347
1453 2522 1520 2565 his
1557 2522 1600 2564 V
1623 2522 1691 2563 bis
1722 2521 1764 2563 A
1793 2521 1808 2577 Η

217 2578 396 2618 octonas
436 2577 476 2618 V
501 2590 578 2619 om.
609 2577 652 2619 A
769 2581 876 2619 1350
905 2576 1113 2620 iuuencos
1152 2578 1269 2620 VAe
1296 2577 1467 2630 iugales
1497 2593 1522 2622 v
1552 2579 1605 2630 cf.
1630 2578 1809 2620 Hermes

221 2632 351 2674 XVI
373 2645 416 2686 p.
446 2637 532 2675 130
561 2647 604 2675 n.
634 2636 690 2675 91
808 2637 914 2675 1355
944 2633 1140 2675 succedit
1167 2634 1213 2675 in
1244 2634 1391 2675 omnia
1418 2634 1545 2687 lapsu
1576 2634 1720 2688 (labsu
1754 2634 1810 2689 V)

226 2688 292 2730 Ve
320 2701 399 2731 om.
430 2688 473 2730 A
589 2693 695 2731 1356
725 2688 809 2731 iter
838 2689 1082 2731 aetherium
1112 2702 1226 2731 nunc
1255 2689 1410 2743 igneus
1447 2690 1488 2731 V
1514 2703 1592 2733 om.
1625 2692 1666 2733 A
