1916 2944
30 463 139 503 1865

31 813 138 851 1870

31 1161 137 1200 1875

792 132 1138 181 -76-

170 243 254 292 uel
291 260 405 292 cum
443 242 703 292 curriculis
741 242 828 292 lux
863 242 962 292 ibit
998 245 1180 307 coepta
1218 242 1473 308 secundis,

169 312 351 362 tertius
390 315 478 362 aut
513 329 662 362 uerso
700 328 815 361 cum
851 312 1050 361 uenerit
1087 314 1228 362 ortus
1268 310 1498 377 Olympo.

238 380 359 432 Non
397 381 680 446 spernenda
715 381 811 431 tibi
848 384 968 432 sunt
1004 382 1148 445 talia,
1186 381 1273 431 sed
1309 398 1504 431 memor
1541 381 1629 432 uni

170 451 296 502 adde
335 451 472 501 aliud
510 468 730 517 semper3
767 451 812 501 si
846 452 1001 501 tertia
1036 451 1252 516 denique
1289 451 1438 516 signa

169 521 494 587 proueniant,
532 521 678 571 firmo
717 523 990 571 uenturum
1025 523 1231 586 pectore
1268 519 1388 571 fare.

171 594 221 640 et
257 594 633 640 transactorum
671 590 851 641 sollers
890 608 1177 656 conponere
1215 607 1448 640 mensum

170 661 318 727 signa
354 660 634 724 laborabis3
673 661 717 710 si
755 661 1040 710 confluxere
1076 664 1299 725 reperta,

169 748 492 796 nequaquam
527 730 782 795 trepidare
820 730 982 795 pudor
1017 730 1322 794 persuadeat
1358 731 1507 780 ullus.

170 803 426 850 astrorum
463 801 659 866 lapsus,
696 803 951 851 astrorum
986 801 1218 865 protinus
1258 802 1399 850 ortus

169 870 386 934 discute,
423 871 466 920 si
504 887 651 920 casus
691 870 870 920 similis
909 873 960 919 et
997 870 1145 920 stella
1181 887 1271 935 per
1309 870 1538 919 aethram

167 940 405 1005 prodidit.
478 940 642 990 exacti
677 941 781 990 iam
819 957 1018 990 summa
1056 940 1352 1004 crepuscula
1389 939 1577 990 mensis

169 1013 220 1059 et
258 1009 515 1076 surgentis
553 1009 678 1059 item
714 1010 996 1075 primordia
1032 1010 1263 1060 conscius
1301 1009 1426 1059 artis

168 1079 276 1129 fare
314 1097 499 1130 sacrae.
571 1097 805 1130 mensum
843 1079 1065 1130 confinia
1102 1097 1301 1129 summa
1338 1079 1552 1129 duorum

169 1166 319 1199 caeca
355 1151 532 1200 latent.
603 1149 731 1200 lucis
768 1149 894 1199 haec
931 1166 1131 1213 semper
1169 1151 1328 1199 semet
1363 1149 1418 1198 in
1455 1150 1569 1198 octo

167 1219 330 1269 inscia
366 1220 561 1270 lunaris
597 1220 816 1269 tendunt
850 1219 999 1269 facis:
1036 1219 1150 1284 ipsa
1185 1218 1324 1268 fideli

166 1289 428 1354 perquires
467 1289 636 1339 studio
674 1292 725 1338 et
762 1289 928 1355 siquid
964 1289 1062 1338 tibi
1098 1289 1229 1339 forte
1265 1291 1543 1353 repertum,

167 1359 400 1423 pluribus
437 1359 638 1409 indiciis
678 1359 858 1409 sollers
895 1358 1074 1408 fulcire
1112 1362 1380 1408 memento.

282 1501 391 1538 1864
434 1496 545 1538 talia
587 1509 612 1538 v
655 1497 746 1539 alia
780 1497 861 1539 Ae
1006 1500 1112 1538 1866
1150 1497 1329 1549 pectore
1367 1509 1387 1537 e
1423 1497 1578 1549 peccat
1615 1509 1688 1538 ore
1724 1496 1768 1537 A

171 1556 277 1597 1867
317 1554 363 1594 et
391 1555 716 1652 tragsactqrum
745 1565 770 1594 v
799 1552 961 1595 Errans
992 1554 1191 1594 actorum
1219 1551 1262 1592 A
1292 1552 1328 1592 E
1358 1550 1678 1594 transactorum
1707 1566 1727 1594 e
1755 1552 1770 1607 Η

508 1618 684 1640 menmum

168 1663 365 1692 mensum
403 1663 423 1692 e
451 1664 649 1692 mensum
678 1650 722 1691 A
841 1654 947 1692 1868
978 1648 1016 1691 si
1045 1649 1290 1691 confluxere
1322 1649 1501 1692 Grotius
1531 1649 1568 1691 si
1598 1649 1660 1692 sic
1689 1650 1768 1692 flu-

166 1719 267 1748 xere
297 1705 341 1747 A
458 1711 564 1749 1869
594 1706 816 1760 trepidare
847 1719 870 1748 e
899 1705 1074 1759 trepida
1101 1705 1145 1747 A
1175 1707 1190 1759 ΙΙ
1218 1706 1360 1759 pudor
1389 1719 1409 1748 e
1438 1705 1578 1759 pudor
1607 1707 1655 1748 at
1682 1705 1726 1747 A
1756 1707 1767 1761 Η

165 1761 283 1860 {allus
321 1761 499 1825 Grotius
536 1762 649 1804 ullos
679 1762 723 1803 A
840 1766 947 1804 1874
986 1774 1134 1804 sacrae
1171 1775 1193 1804 e
1229 1774 1346 1803 sacre
1384 1762 1427 1803 A
1462 1763 1478 1816 ss
1512 1775 1711 1804 mensum
1748 1776 1769 1804 e

218 1827 393 1849 mensslum

166 1872 364 1901 mensum
394 1859 437 1901 A
554 1864 661 1901 1877
692 1859 917 1913 perquires
947 1858 990 1900 A
1019 1859 1223 1913 perquire
1249 1858 1291 1900 L
1312 1861 1328 1914 ΙΙ
1348 1859 1432 1902 tibi
1460 1873 1485 1901 υ
1516 1858 1600 1901 sibi
1628 1859 1730 1900 AL
1747 1873 1768 1901 e

158 1920 261 1967 post
302 1928 472 1958 uersum
517 1918 633 1958 1878
673 1916 843 1958 duabus
879 1916 1006 1958 lineis
1042 1916 1196 1958 uacuis
1231 1916 1462 1958 interiectis
1498 1915 1613 1956 Ruffi
1650 1913 1769 1957 Festi

166 1972 328 2013 Aratus
367 1970 558 2025 explicit.
620 1970 780 2025 Incipit
818 1970 1012 2013 eiusdem
1050 1971 1167 2013 orbis
1205 1973 1320 2028 terre
1356 1971 1399 2012 A
1438 1970 1574 2014 RVFI
1609 1969 1768 2012 FESTI

163 2026 395 2123 ARIATVS
447 2026 711 2069 EXPLICIT
762 2026 977 2069 INCIPIT
1022 2026 1280 2069 EIVSDEM
1325 2026 1488 2069 ORBIS
1533 2026 1765 2069 TERRAE

163 2083 235 2125 FE
275 2083 335 2124 IX
365 2097 385 2125 e

1791 464 1854 495 540

1791 811 1854 844 545

1791 1162 1853 1194 550
