1916 2944
0 376 29 419 5(
73 381 180 420 1785

13 732 21 742 ‘
74 728 180 768 1790

6 1081 13 1106 s
74 1077 180 1117 1795

0 1427 182 1488 :¹1800

0 1750 42 1838 τζ
74 1777 179 1815 1805

835 149 899 155 .-.
977 120 1039 170 73
1117 149 1180 155 ,-

211 229 412 278 uuentis
452 230 578 279 caeli
615 230 710 279 sibi
749 231 1060 281 nutrimenta
1097 231 1318 282 latenter

212 301 408 363 sponte
430 302 638 364 operata
675 300 835 350 docet.
907 301 1028 365 quin
1065 304 1115 350 et
1150 301 1392 352 lentiscus
1431 319 1604 352 amara

211 367 453 417 indicium
491 371 568 418 est
602 369 803 434 pluuiis.
874 373 953 419 ter
989 370 1149 420 fetum
1187 371 1406 436 concipit
1443 372 1593 422 arbos

211 441 386 503 terque
424 455 586 489 nouos
625 439 856 504 genetrix
891 439 1086 490 fructus
1124 440 1216 490 alit
1251 441 1462 506 ipsaque
1499 441 1635 491 trino

212 507 333 558 flore
369 507 693 558 renidescens
730 509 830 558 tria
866 511 1097 574 tempora
1133 509 1303 574 prodit
1341 510 1531 560 arandi.

210 579 287 627 ter
323 579 702 642 prorumpentis
741 579 913 628 scillae
950 582 1083 629 teres
1121 580 1332 645 erigitur
1367 580 1462 630 flos

212 647 536 713 sulcandique
574 648 738 698 solum
774 651 851 698 ter
888 651 1142 699 monstrat
1177 653 1377 714 tempus
1416 649 1604 699 adesse.

282 715 363 766 Sic
401 720 451 766 et
487 718 794 768 crabronum
830 735 983 768 rauca
1021 718 1228 784 agmina
1264 720 1307 769 si
1344 719 1559 769 uolitare

209 786 308 835 fine
346 787 438 836 sub
478 788 708 837 autumni
746 789 1064 852 conspexeris
1103 788 1308 839 aethere
1344 789 1499 855 longo
1509 828 1522 853 ‚

209 856 312 905 iam
350 857 671 922 uespertinus
708 857 871 922 primo
910 875 1023 907 cum
1061 861 1350 909 commouet
1387 862 1528 909 ortus

210 926 447 991 uergilias
485 926 689 993 pelago,
728 926 862 976 dices
900 927 1093 978 instare
1129 928 1396 993 procellas.

211 996 353 1061 sique
391 1013 506 1046 sues
544 998 731 1062 lentae,
769 997 813 1047 si
849 998 996 1047 lanae
1034 997 1210 1047 sedula
1245 998 1438 1063 nutrix,

212 1066 254 1115 si
292 1083 444 1131 capra
481 1065 704 1117 dumosis
744 1084 918 1117 errans
954 1067 1010 1116 in
1046 1068 1259 1118 saltibus
1296 1069 1432 1118 ultro

210 1135 262 1184 in
298 1134 548 1186 Venerem
586 1140 790 1203 pergat,
829 1137 1014 1202 quippe
1054 1138 1170 1187 ollis
1207 1137 1392 1187 uuidus
1431 1154 1516 1187 aer

212 1206 397 1255 excitat
433 1207 690 1256 internum
726 1223 816 1271 per
852 1207 1047 1256 uiscera
1083 1209 1224 1257 mota
1259 1207 1505 1258 furorem:

211 1278 262 1324 et
297 1278 628 1340 tempestates
667 1279 717 1326 et
753 1276 931 1326 nubila
966 1277 1199 1341 protinus
1238 1279 1368 1328 atra.

211 1345 383 1395 adfore
419 1346 713 1410 praecipies.
787 1346 910 1411 quin
948 1349 999 1395 et
1036 1346 1278 1412 gaudebit
1315 1348 1485 1396 arator

213 1415 397 1481 quique
436 1415 603 1465 solum
639 1415 790 1465 iustis
828 1416 1055 1465 uersabit
1089 1417 1350 1466 mensibus
1390 1416 1530 1479 anni,

216 1485 364 1548 plebe
401 1501 584 1550 gruum
620 1485 806 1550 prima,
843 1485 1086 1551 gaudebit
1120 1485 1297 1536 tardus
1335 1487 1506 1535 arator

212 1554 413 1620 agmine
453 1555 730 1620 pigrarum:
769 1555 841 1604 sic
879 1555 1096 1619 quadam
1133 1556 1247 1622 lege
1284 1555 1492 1605 deorum

211 1624 291 1674 his
330 1641 497 1674 comes
536 1627 614 1675 est
649 1624 822 1674 imber.
895 1625 1111 1689 pecudes
1151 1625 1194 1675 si
1232 1625 1444 1690 denique
1481 1627 1670 1674 terram

210 1694 467 1759 lanigerae
504 1694 722 1760 fodiant,
760 1697 915 1759 caput
954 1698 1007 1744 at
1041 1695 1279 1745 tendatur
1315 1695 1369 1744 in
1406 1697 1605 1760 arcton,

211 1781 325 1813 cum
362 1764 594 1814 madidus
624 1765 845 1828 primum
880 1781 971 1829 per
1006 1781 1263 1814 marmora
1299 1764 1506 1815 turbida
1542 1765 1716 1814 condit

209 1834 433 1899 pleiadas
472 1851 701 1899 occasus,
739 1852 853 1885 cum
890 1834 1097 1884 brumae
1133 1834 1200 1884 111
1223 1834 1416 1900 frigora
1453 1833 1586 1884 cedit

210 1904 422 1970 frugifer
459 1907 751 1969 autumnus,
789 1906 902 1954 ruet
939 1904 1117 1954 aethra
1154 1905 1382 1954 concitus
1419 1904 1595 1954 imber.

211 1976 265 2023 at
299 1991 363 2023 ne
400 1974 655 2039 perruptis
692 1977 943 2024 terrarum
982 1974 1131 2024 dorsa
1170 1974 1365 2024 lacunis

210 2043 461 2094 infodiant
496 2044 733 2109 pecudes,
771 2043 813 2093 si
851 2046 998 2094 uasto
1036 2044 1236 2094 uiscera
1270 2043 1415 2094 hiatu

325 2185 430 2223 1783
461 2181 635 2223 uuentis
666 2194 685 2222 e
714 2180 920 2223 huuentis
949 2181 992 2222 A
1102 2184 1209 2223 1785
1239 2182 1308 2222 ter
1337 2180 1478 2223 fetum
1508 2181 1691 2233 (foetum
1722 2184 1757 2235 0)
1789 2196 1811 2225 0

210 2239 326 2300 terre
364 2250 463 2278 cum
492 2238 535 2278 A
652 2240 758 2278 1786
796 2236 910 2279 trino
948 2250 968 2279 0
1004 2236 1142 2279 trinos
1177 2236 1222 2277 A
1337 2240 1444 2279 1787
1481 2237 1758 2280 renidescens
1789 2252 1809 2280 e

209 2292 434 2334 reniscunt
463 2293 506 2333 A
623 2296 731 2334 1788
768 2293 883 2334 teres
921 2307 940 2334 e
977 2294 1101 2334 tener
1130 2294 1174 2333 A
1291 2297 1397 2334 1790
1431 2292 1617 2336 uolitare
1647 2307 1668 2336 e
1696 2293 1808 2335 uoli-

209 2349 325 2391 tasse
355 2349 399 2390 A
516 2353 623 2390 1794
661 2348 699 2389 si
734 2348 860 2390 lanae
898 2361 918 2389 0
954 2348 1149 2402 syllanae
1179 2347 1223 2388 A
1340 2353 1446 2390 1796
1483 2348 1640 2391 uuidus
1677 2363 1698 2391 0
1726 2350 1808 2391 hu-

210 2403 337 2446 uidus
367 2405 411 2445 A
527 2409 635 2446 1799
672 2403 916 2457 praecipies
946 2417 969 2446 v
999 2402 1216 2457 percipies
1245 2403 1289 2445 A
1318 2404 1581 2458 praecipites
1612 2419 1632 2446 e
1659 2406 1674 2458 ΙΙ
1703 2405 1810 2458 quin

212 2462 256 2502 et
285 2474 304 2502 e
334 2460 409 2513 qui
438 2473 519 2502 nec
549 2460 592 2501 A
621 2460 637 2514 ΙΙ
669 2459 881 2513 gaudebit
909 2473 929 2502 0
958 2459 1169 2513 gaudebis
1198 2460 1241 2500 A
1358 2464 1464 2502 1800
1494 2460 1620 2502 iustis
1649 2474 1674 2502 v
1703 2460 1811 2503 iusti

210 2517 289 2558 Ae
377 2519 483 2558 1802
515 2515 578 2557 sic
607 2529 631 2557 v
663 2515 699 2557 si
728 2516 807 2556 Ae
828 2517 842 2570 ΙΙ
864 2516 1045 2558 deorum
1075 2529 1095 2557 0
1126 2515 1306 2556 dearum
1334 2517 1377 2557 A
1465 2521 1571 2558 1803
1602 2517 1766 2559 terram
1790 2531 1811 2559 0

210 2576 330 2613 terra
358 2573 401 2613 A
476 2575 584 2613 1804
615 2573 662 2613 at
692 2571 871 2613 Grotius
901 2573 978 2613 aut
1006 2571 1260 2624 Λ4113101011
1289 2585 1314 2613 v
1344 2585 1494 2613 arcum
1522 2573 1565 2613 A
1595 2573 1767 2614 arctum
1790 2587 1813 2615 0

215 2631 322 2669 1805
362 2627 553 2680 primum
590 2628 745 2669 addida·
781 2628 834 2679 ef.
872 2627 1049 2670 Hermes
1087 2626 1216 2668 XVI
1248 2640 1289 2680 p.
1331 2631 1414 2670 123
1450 2641 1493 2671 n.
1525 2630 1584 2670 72
1621 2641 1700 2670 om.
1730 2628 1811 2670 Ae

213 2686 320 2726 1806
361 2683 564 2727 Pleiadas
592 2683 635 2726 A
665 2681 836 2736 pliadas
874 2697 894 2726 0
1011 2686 1118 2726 1808
1156 2684 1204 2725 at
1239 2696 1293 2725 ne
1326 2697 1350 2727 v
1381 2685 1504 2726 Anne
1533 2684 1576 2725 A
1607 2685 1677 2725 An
1705 2698 1760 2727 ne
1790 2697 1811 2727 0

1827 387 1893 418 460

1826 735 1892 767 465

1826 1084 1893 1114 470

1828 1432 1893 1463 4⁷5

1828 1780 1894 1812 480
