1916 2944
98 223 205 262 1160

97 571 203 610 1165

97 919 204 958 1170

98 1267 204 1305 1175

98 1615 204 1652 1180

864 102 1065 151 —43
1139 131 1204 135 ,-

234 210 548 276 prospiciens
587 212 758 275 superi
795 211 1028 261 subrecto
1065 211 1268 262 uerticis
1306 229 1398 262 axe

234 281 559 346 intentusque
595 280 774 346 procul
810 281 974 346 specie
1011 298 1147 348 uaga
1182 281 1391 332 brachia
1429 279 1660 347 Cepheus

236 351 394 400 exerit
429 352 479 399 et
515 367 720 400 saeuam
757 350 926 416 pelagi
961 353 1134 400 monet
1171 350 1344 401 adfore
1380 354 1588 417 pestem.

233 420 322 469 illa
357 421 530 469 tamen
566 436 715 469 uersa
750 420 804 470 in
839 420 1050 470 fluuium
1085 423 1345 485 postrema
1380 422 1633 486 profundo

233 489 483 554 tinguitur
519 490 582 539 ab
622 490 789 555 spina,
826 489 982 554 capiti
1018 507 1146 555 quae
1182 491 1414 554 proxima
1452 509 1648 542 summo
1687 495 1778 544 est.

234 559 396 608 undas
434 559 703 609 succedens
742 557 974 624 Cepheus
1012 563 1063 609 et
1099 560 1341 609 uerticem
1379 563 1428 610 et
1463 562 1609 612 ulnas

235 630 488 678 mersatur
524 629 737 693 patulas.
811 630 934 694 quin
973 631 1023 678 et
1059 646 1172 679 cum
1211 631 1487 694 scorpius
1525 648 1639 681 acer

234 698 462 747 nascitur
499 697 725 763 Oceano,
762 698 1006 764 quidquid
1043 715 1133 764 per
1171 699 1335 748 sidera
1372 717 1619 764 aquarum

236 767 298 817 ad
337 768 553 832 speciem
590 767 844 818 Eridanus
882 771 1027 834 pater
1065 769 1256 834 expuit,
1294 769 1499 819 abditur
1535 769 1642 820 alta

236 836 431 902 Tethye
469 840 520 887 et
557 837 751 888 occidui
786 839 979 904 tegitur
1014 837 1182 888 Padus
1221 856 1437 904 aequore
1476 840 1631 905 ponti.

235 907 462 972 scorpius
499 907 759 973 ingentem
795 908 1088 973 perterritat
1124 907 1327 973 Oriona,

234 993 540 1041 proserpens
578 978 776 1043 pelago.
847 980 994 1027 uetus
1033 980 1131 1042 est,
1167 977 1385 1028 Latonia
1421 978 1588 1044 uirgo,

234 1045 412 1096 fabula
447 1063 540 1096 nec
578 1049 755 1097 nostro
794 1048 1036 1097 struimus
1074 1047 1337 1097 mendacia
1372 1064 1536 1098 uersu.

234 1115 421 1180 prima,
459 1115 628 1165 nefas!
701 1116 815 1166 duri
851 1117 1090 1182 conpegit
1127 1117 1369 1183 germinis
1408 1120 1573 1181 aetas,

235 1186 402 1250 prima
439 1185 578 1234 dedit
613 1186 835 1251 populis.
907 1203 1086 1237 caecus
1118 1203 1236 1236 mos
1273 1186 1455 1236 mentis
1494 1187 1703 1237 acerbae

234 1255 618 1320 inmodicusque
654 1256 798 1306 furor
835 1257 1041 1306 sceleris
1077 1258 1434 1321 penetrauerat
1470 1259 1637 1307 oestro

234 1325 374 1388 inpia
411 1325 563 1374 corda
599 1326 711 1374 uiri.
784 1326 1047 1376 caluerunt
1083 1326 1193 1376 dira
1230 1326 1466 1376 medullis

234 1394 469 1458 protinus
507 1395 561 1443 in
597 1395 776 1445 mediis
814 1395 1067 1461 incendia,
1104 1396 1351 1460 plurimus
1390 1395 1541 1446 ardor

233 1466 436 1527 pectore
474 1464 727 1530 flagrauit.
798 1467 914 1515 tene
951 1465 1192 1530 inprobus
1229 1466 1315 1514 ille
1352 1482 1658 1532 procaxque,

234 1536 305 1598 te,
342 1533 456 1594 dea,
493 1536 544 1583 te
582 1534 707 1584 dura
744 1535 909 1584 ualuit
944 1535 1239 1600 contingere
1278 1535 1474 1600 dextra,

236 1619 349 1651 cum
388 1606 587 1653 sacrata
625 1604 737 1654 Chii
773 1621 982 1654 nemora
1018 1607 1068 1654 et
1103 1605 1394 1655 frondentia
1429 1605 1532 1655 late

235 1672 444 1722 brachia
479 1673 732 1740 lucorum,
770 1691 885 1724 cum
923 1674 1080 1724 siluae
1118 1674 1251 1724 colla
1287 1691 1556 1740 comasque

235 1741 448 1792 deuotae
485 1743 688 1793 tibimet
725 1761 907 1794 manus
945 1744 1086 1809 inpia
1123 1744 1366 1795 demolita
1402 1747 1499 1811 est,

347 1884 455 1921 1160
487 1881 689 1922 subrecto
721 1880 900 1924 Grotius
929 1882 1139 1924 subnecto
1175 1880 1256 1923 VA
1279 1881 1331 1933 cf.
1357 1881 1535 1924 Hermes
1560 1882 1659 1923 XV
1671 1896 1716 1935 p.
1743 1885 1830 1925 188

232 1948 275 1975 n.
309 1939 363 1977 69
435 1941 540 1978 1161
572 1937 727 1990 procul
757 1938 902 1991 specie
935 1937 976 1979 V
1000 1938 1155 1991 procul
1184 1951 1301 1990 uaga
1330 1937 1475 1991 specie
1499 1939 1633 1992 (uaga
1655 1939 1827 1992 deleuit)

233 1991 275 2031 A
297 1992 312 2044 ΙΙ
336 1990 533 2044 Cepheus
563 2005 586 2033 v
619 1993 782 2046 epheos
815 1993 895 2035 VA
926 1994 1112 2046 cepheos
1143 2008 1164 2035 e
1230 1998 1336 2035 1163
1366 1993 1583 2046 profundo
1617 1993 1697 2035 VA
1727 2007 1827 2048 pro-

231 2046 416 2088 fundum
446 2048 626 2090 Grotius
655 2049 708 2100 cf.
733 2048 910 2091 Hermes
942 2049 1071 2090 XVI
1086 2062 1134 2102 p.
1162 2051 1247 2091 125
1276 2062 1318 2091 n.
1351 2053 1407 2091 81
1525 2053 1632 2090 1164
1662 2049 1827 2103 tingui—

231 2102 306 2143 tur
343 2103 385 2143 V
409 2104 598 2157 tingitur
625 2104 669 2145 A
743 2108 850 2147 1165
881 2105 1020 2147 undas
1047 2106 1204 2158 scripsi
1233 2105 1287 2156 cf.
1317 2105 1496 2146 Hermes
1528 2105 1640 2146 XII
1660 2119 1706 2158 p.
1740 2109 1826 2148 160

230 2170 272 2198 n.
306 2160 359 2200 31
397 2160 514 2200 unda
554 2160 593 2201 V
622 2159 814 2213 undique
844 2160 888 2202 A
915 2162 930 2215 ΙΙ
960 2161 1193 2203 succedens
1223 2173 1243 2202 e
1273 2161 1535 2203 succendens
1575 2161 1654 2202 VA
1683 2163 1698 2215 ΙΙ
1729 2175 1827 2203 uer-

230 2213 364 2255 ticem
403 2215 443 2255 V
468 2215 634 2258 uertice
663 2216 706 2257 A
795 2220 903 2259 1166
934 2230 1033 2259 cum
1063 2218 1105 2258 A
1136 2217 1323 2269 Grotius?
1342 2218 1437 2258 tum
1472 2216 1515 2257 V
1597 2221 1702 2258 1168
1734 2216 1827 2258 Eri-

231 2268 372 2311 danus
402 2269 445 2312 A
474 2271 710 2313 heridanus
748 2272 790 2313 V
901 2277 1006 2314 1169
1038 2272 1206 2326 Tethye
1239 2272 1279 2313 V
1305 2271 1434 2314 Tetre
1457 2273 1500 2313 A
1618 2276 1722 2314 1171
1758 2274 1827 2314 est

230 2326 273 2366 A
304 2338 329 2367 o
349 2326 409 2389 ‘V
520 2332 627 2370 1173
658 2328 866 2390 conpegit
893 2330 1050 2381 scripsi
1078 2329 1132 2380 ef.
1159 2328 1336 2370 Hermes
1366 2328 1477 2369 XII
1497 2341 1543 2381 p.
1573 2331 1660 2370 158
1688 2342 1730 2369 n.
1762 2331 1824 2392 293

229 2381 712 2492 355121230133305232
729 2383 1566 2494 ἒωωὲὲᾷἷεῖῗέῗΘῑᾶῗῃέἓῗοῗέῖῃῖθ
1600 2387 1826 2493 θῇἷῗθέἓί

230 2495 429 2534 trauerat
457 2508 482 2535 v
511 2496 810 2548 penetrauerit
845 2495 957 2538 VAe
1073 2501 1180 2538 1176
1212 2496 1440 2538 caluerunt
1478 2495 1558 2537 VA
1589 2497 1826 2537 tabuerunt

230 2561 251 2589 e
287 2548 342 2599 cf.
380 2549 558 2592 Hermes
597 2551 726 2593 XVI
756 2565 803 2605 p.
842 2554 927 2595 123
971 2565 1014 2594 n.
1054 2555 1108 2595 74
1143 2553 1158 2605 ΙΙ
1200 2551 1403 2593 medullis
1439 2551 1482 2592 A
1525 2551 1744 2593 medullus
1789 2550 1830 2591 V

232 2607 341 2645 1178
372 2606 472 2647 tene
509 2605 551 2648 V
574 2609 698 2649 tener
726 2607 770 2649 A
849 2612 955 2650 1179
986 2609 1031 2649 te
1062 2608 1170 2650 dura
1209 2607 1250 2649 V
1273 2620 1320 2650 re
1351 2607 1461 2650 dura
1488 2607 1532 2649 A
1613 2610 1719 2649 1182
1750 2607 1825 2649 de-

230 2659 388 2701 molita
417 2662 461 2702 A
491 2661 725 2704 demoliita
764 2663 806 2704 V
