1916 2944
649 789 1142 847 PRAEFATIO.

236 911 413 962 Rufius
451 911 631 962 Festus
668 912 912 979 Auienus,
945 913 990 963 is
1028 914 1115 979 qui
1150 913 1512 965 Phaenomena
1547 914 1696 965 Arati

96 982 151 1032 in
180 982 422 1032 Latinum
453 983 716 1048 conuertit,
752 983 955 1033 uidetur
983 983 1116 1033 idem
1149 1001 1273 1049 esse,
1312 984 1398 1050 qui
1433 984 1557 1034 fecit
1594 986 1696 1050 epi-

97 1068 327 1118 gramma
357 1052 417 1101 de
449 1069 500 1102 se
525 1052 588 1101 ad
611 1052 756 1102 deam
778 1051 827 1103 N
831 1052 1082 1120 ortiam.*)
1134 1054 1178 1103 is
1203 1070 1317 1103 cum
1339 1071 1491 1104 uersu
1514 1055 1693 1120 quinto

95 1123 234 1173 illius
266 1122 648 1188 epigrammatis
678 1122 738 1172 de
761 1123 936 1173 multis
959 1123 1269 1174 carminibus
1295 1124 1399 1174 suis
1421 1124 1694 1189 praedicet,

98 1192 326 1243 diuersus
364 1209 473 1242 esse
509 1192 596 1242 uix
631 1196 805 1258 potest
842 1193 906 1243 ab
944 1211 1017 1259 80,
1056 1194 1143 1260 qui
1181 1210 1293 1243 cum
1331 1193 1433 1244 alia
1469 1194 1697 1244 carmina

97 1263 296 1312 minora
334 1263 621 1327 composuit
659 1260 743 1328 (ef.
777 1262 1094 1313 Wernsdorf.
1129 1267 1262 1329 poet.
1290 1262 1402 1314 Lat.
1432 1264 1554 1313 min.
1589 1262 1633 1314 V
1663 1263 1695 1314 3

95 1351 143 1398 p.
185 1333 317 1383 1296
343 1329 489 1399 sqq),
531 1336 642 1382 tum
688 1336 738 1381 et
774 1333 923 1382 Arati
959 1333 1319 1383 Phaenomena
1363 1336 1413 1383 813
1456 1332 1700 1399 Dionysii

95 1402 388 1469 Periegesin
423 1401 606 1451 Latine
648 1401 868 1451 reddidit
905 1405 957 1452 et
994 1402 1054 1452 de
1094 1420 1184 1453 ora
1219 1403 1480 1452 maritima
1515 1419 1695 1453 uersus

96 1473 212 1538 plus
257 1489 360 1522 uno
404 1472 535 1522 libro
583 1473 874 1537 complexus
913 1475 1011 1537 est,
1057 1472 1274 1538 denique
1310 1475 1478 1522 totum
1514 1470 1697 1538 Vergi-

97 1543 236 1608 lium,
273 1546 330 1592 ut
367 1542 441 1591 ait
471 1541 674 1592 Seruius
713 1542 777 1591 ad
805 1542 932 1592 Aen.
961 1541 1009 1591 X
1040 1542 1157 1607 388,
1195 1544 1245 1591 et
1275 1541 1476 1592 Liuium
1513 1541 1697 1592 iambis

101 1613 306 1677 scripsit
352 1610 434 1678 (cf.
471 1609 791 1661 Wernsdorf.
837 1612 1014 1662 eodem
1057 1612 1187 1662 libro
1231 1610 1308 1661 IV
1345 1612 1378 1662 2
1421 1630 1469 1676 p.
1507 1610 1609 1662 553
1648 1609 1696 1659 V

98 1683 131 1732 2
168 1700 215 1747 p.
254 1680 392 1748 652).
466 1681 691 1731 eiusdem
736 1681 958 1732 hominis
1004 1698 1308 1761 cognomen,
1354 1681 1450 1731 etsi
1493 1681 1549 1730 in
1593 1680 1696 1746 epi-

100 1753 398 1818 grammatis
442 1751 775 1816 inscriptione
820 1751 981 1817 deest,
1024 1752 1078 1801 in
1122 1752 1212 1801 illo
1257 1752 1370 1817 ipso
1414 1767 1522 1800 non
1566 1750 1698 1800 desi-

211 1930 253 1982 *)
283 1929 328 1972 C.
359 1929 391 1971 Ι.
424 1931 471 1971 L.
502 1929 563 1970 VI
592 1929 640 1971 P.
673 1931 692 1971 Ι
723 1945 762 1973 n.
796 1934 877 1972 537
906 1945 949 1984 p.
983 1935 1084 1972 103:

120 1986 151 2028 1.
182 1985 366 2039 R(ufius)
390 1986 545 2027 Festus
574 1985 675 2038 v(ir)
709 1985 1011 2038 c(larissimus)
1043 1986 1096 2028 de
1128 1998 1174 2027 se
1204 1985 1262 2027 ad
1285 1985 1414 2028 deam
1439 1983 1697 2039 Norti[a.m].

211 2042 387 2095 Festus,
416 2040 591 2083 Musoni
622 2042 797 2084 suboles
826 2042 1057 2096 prolesque
1088 2040 1270 2093 Avieni,

212 2098 327 2139 unde
356 2097 423 2139 tui
452 2097 607 2139 latices
637 2098 888 2150 traxerunt,
920 2097 1094 2151 Caesia,
1125 2109 1304 2147 nomen,

211 2152 388 2206 Nortia,
417 2155 463 2195 te
492 2166 696 2206 veneror,
726 2152 828 2195 Lari
861 2156 1003 2196 cretus
1033 2131 1324 2206 Vulsiniensi,

212 2208 402 2252 Romam
429 2209 656 2261 habitans,
687 2209 864 2263 gemino
893 2205 1165 2262 proconsulis
1196 2210 1351 2250 auctus
1380 2207 1607 2263 honor[e],

157 2270 182 2307 5
214 2265 408 2329 carmina
436 2264 579 2307 multa
609 2277 776 2317 serens,
806 2264 944 2307 vitam
972 2265 1144 2318 insons,
1173 2264 1348 2317 integer
1378 2264 1593 2317 aev(u)m,

214 2320 417 2375 coniugio
446 2321 590 2364 laetus
618 2298 826 2363 Placidae
856 2333 1127 2374 numeroque
1132 2298 1378 2373 frequenti

212 2378 418 2418 natorum
448 2378 661 2419 exultans.
720 2376 852 2419 vivax
882 2377 940 2418 sit
969 2376 1148 2430 spiritus
1179 2375 1300 2418 ollis!

215 2433 362 2475 cetera
390 2432 638 2487 composita
666 2432 859 2474 fatorum
888 2433 989 2486 lege
1017 2432 1262 2474 trahentur.

100 2488 153 2530 ΙΙ.
187 2489 339 2530 sancto
367 2488 486 2542 patri
514 2489 630 2530 filius
660 2488 879 2531 Placidus.

213 2544 303 2586 Ibis
331 2544 378 2586 in
409 2545 582 2598 optatas
614 2544 758 2586 sedes:
789 2557 893 2585 nam
922 2542 1123 2596 Iuppiter
1153 2542 1353 2585 aethram

269 2599 446 2653 pandit,
474 2600 623 2653 Feste,
653 2599 754 2651 tibi,
787 2599 999 2641 candidus
1028 2600 1078 2640 ut
1106 2599 1272 2640 venias.

218 2655 423 2708 iamq(ue)
452 2655 589 2697 venis.
648 2654 794 2697 tendit
823 2655 996 2697 dextras
1027 2655 1184 2697 chorus
1214 2653 1317 2696 inde
1347 2653 1529 2695 deorum

272 2713 318 2752 et
345 2713 441 2753 toto
470 2711 555 2752 tibi
583 2711 673 2752 iam
702 2710 929 2764 plauditur
959 2723 1059 2752 ecce
1088 2710 1206 2763 polo.
