<?xml version="1.0" encoding="UTF-8"?>
<!DOCTYPE html PUBLIC "-//W3C//DTD XHTML 1.0 Transitional//EN"
    "http://www.w3.org/TR/xhtml1/DTD/xhtml1-transitional.dtd">
<html xmlns="http://www.w3.org/1999/xhtml" xml:lang="en" lang="en">
 <head>
  <title>
</title>
<meta http-equiv="Content-Type" content="text/html;charset=utf-8" />
  <meta name='ocr-system' content='tesseract 3.04.00' />
  <meta name='ocr-capabilities' content='ocr_page ocr_carea ocr_par ocr_line ocrx_word'/>
</head>
<body>
  <div class='ocr_page' id='page_1' title='image "./rufifestiavienia00avieuoft_0013.png"; bbox 0 0 1916 2944; ppageno 0'>
   <div class='ocr_carea' id='block_1_1' title="bbox 0 1455 14 1656">
    <p class='ocr_par' dir='ltr' id='par_1_1' title="bbox 0 1455 14 1656">
     <span class='ocr_line' id='line_1_1' title="bbox 0 1455 14 1656; textangle 90"><span class='ocrx_word' id='word_1_1' title='bbox 0 1455 14 1656; x_wconf 40' lang='lat' dir='ltr'>vtw-mss</span> 
     </span>
    </p>
   </div>
   <div class='ocr_carea' id='block_1_2' title="bbox 120 231 1729 1692">
    <p class='ocr_par' dir='ltr' id='par_1_2' title="bbox 120 231 1729 1692">
     <span class='ocr_line' id='line_1_2' title="bbox 134 231 1729 302; baseline 0.003 -20"><span class='ocrx_word' id='word_1_2' title='bbox 134 249 233 297; x_wconf 90' lang='lat' dir='ltr'>qua</span> <span class='ocrx_word' id='word_1_3' title='bbox 289 231 391 281; x_wconf 92' lang='lat' dir='ltr'>alia</span> <span class='ocrx_word' id='word_1_4' title='bbox 441 231 661 283; x_wconf 73' lang='lat' dir='ltr'>editione</span> <span class='ocrx_word' id='word_1_5' title='bbox 712 234 992 284; x_wconf 74' lang='lat' dir='ltr'>recentiore</span> <span class='ocrx_word' id='word_1_6' title='bbox 1043 235 1290 285; x_wconf 88' lang='lat' dir='ltr'>memoria</span> <span class='ocrx_word' id='word_1_7' title='bbox 1340 236 1552 302; x_wconf 87' lang='lat' dir='ltr'>dignum</span> <span class='ocrx_word' id='word_1_8' title='bbox 1602 237 1729 286; x_wconf 90' lang='lat' dir='ltr'>mihi</span> 
     </span>
     <span class='ocr_line' id='line_1_3' title="bbox 131 302 1727 372; baseline 0.004 -22"><span class='ocrx_word' id='word_1_9' title='bbox 131 302 300 351; x_wconf 90' lang='lat' dir='ltr'>uisum</span> <span class='ocrx_word' id='word_1_10' title='bbox 322 302 445 366; x_wconf 88' lang='lat' dir='ltr'>erat,</span> <span class='ocrx_word' id='word_1_11' title='bbox 468 303 705 368; x_wconf 88' lang='lat' dir='ltr'>uulgatae</span> <span class='ocrx_word' id='word_1_12' title='bbox 729 303 959 354; x_wconf 90' lang='lat' dir='ltr'>lectionis</span> <span class='ocrx_word' id='word_1_13' title='bbox 984 304 1131 370; x_wconf 85' lang='lat' dir='ltr'>signo</span> <span class='ocrx_word' id='word_1_14' title='bbox 1156 302 1229 372; x_wconf 81' lang='lat' dir='ltr'>(v)</span> <span class='ocrx_word' id='word_1_15' title='bbox 1252 306 1445 357; x_wconf 88' lang='lat' dir='ltr'>notaui.</span> <span class='ocrx_word' id='word_1_16' title='bbox 1482 308 1534 355; x_wconf 89' lang='lat' dir='ltr'>et</span> <span class='ocrx_word' id='word_1_17' title='bbox 1556 322 1727 357; x_wconf 88' lang='lat' dir='ltr'>cruces</span> 
     </span>
     <span class='ocr_line' id='line_1_4' title="bbox 131 370 1727 441; baseline 0.004 -21"><span class='ocrx_word' id='word_1_18' title='bbox 131 371 248 421; x_wconf 87' lang='lat' dir='ltr'>illas</span> <span class='ocrx_word' id='word_1_19' title='bbox 272 371 456 421; x_wconf 89' lang='lat' dir='ltr'>codicis</span> <span class='ocrx_word' id='word_1_20' title='bbox 479 370 810 423; x_wconf 88' lang='lat' dir='ltr'>Ambrosiani</span> <span class='ocrx_word' id='word_1_21' title='bbox 834 374 1144 424; x_wconf 85' lang='lat' dir='ltr'>omittendas</span> <span class='ocrx_word' id='word_1_22' title='bbox 1173 375 1344 440; x_wconf 86' lang='lat' dir='ltr'>statui,</span> <span class='ocrx_word' id='word_1_23' title='bbox 1372 378 1727 441; x_wconf 76' lang='lat' dir='ltr'>praeterquam</span> 
     </span>
     <span class='ocr_line' id='line_1_5' title="bbox 132 441 1726 511; baseline 0.003 -21"><span class='ocrx_word' id='word_1_24' title='bbox 132 441 265 506; x_wconf 91' lang='lat' dir='ltr'>quod</span> <span class='ocrx_word' id='word_1_25' title='bbox 297 458 379 491; x_wconf 87' lang='lat' dir='ltr'>eas</span> <span class='ocrx_word' id='word_1_26' title='bbox 411 443 626 506; x_wconf 88' lang='lat' dir='ltr'>exempli</span> <span class='ocrx_word' id='word_1_27' title='bbox 656 460 809 493; x_wconf 90' lang='lat' dir='ltr'>causa</span> <span class='ocrx_word' id='word_1_28' title='bbox 838 461 885 493; x_wconf 93' lang='lat' dir='ltr'>u.</span> <span class='ocrx_word' id='word_1_29' title='bbox 915 443 1047 493; x_wconf 90' lang='lat'>1099</span> <span class='ocrx_word' id='word_1_30' title='bbox 1081 447 1132 493; x_wconf 90' lang='lat' dir='ltr'>et</span> <span class='ocrx_word' id='word_1_31' title='bbox 1165 445 1298 494; x_wconf 94' lang='grc'>1292</span> <span class='ocrx_word' id='word_1_32' title='bbox 1330 446 1527 510; x_wconf 86' lang='lat' dir='ltr'>reliqui,</span> <span class='ocrx_word' id='word_1_33' title='bbox 1564 462 1726 511; x_wconf 90' lang='lat' dir='ltr'>neque</span> 
     </span>
     <span class='ocr_line' id='line_1_6' title="bbox 131 511 1727 578; baseline 0.003 -18"><span class='ocrx_word' id='word_1_34' title='bbox 131 528 211 576; x_wconf 89' lang='lat' dir='ltr'>ea,</span> <span class='ocrx_word' id='word_1_35' title='bbox 255 527 382 576; x_wconf 93' lang='lat' dir='ltr'>quae</span> <span class='ocrx_word' id='word_1_36' title='bbox 426 511 479 560; x_wconf 90' lang='lat' dir='ltr'>in</span> <span class='ocrx_word' id='word_1_37' title='bbox 524 511 700 562; x_wconf 90' lang='lat' dir='ltr'>eodem</span> <span class='ocrx_word' id='word_1_38' title='bbox 747 513 880 563; x_wconf 91' lang='lat' dir='ltr'>libro</span> <span class='ocrx_word' id='word_1_39' title='bbox 924 514 1059 563; x_wconf 88' lang='lat' dir='ltr'>inter</span> <span class='ocrx_word' id='word_1_40' title='bbox 1101 514 1262 563; x_wconf 90' lang='lat' dir='ltr'>lineas</span> <span class='ocrx_word' id='word_1_41' title='bbox 1307 514 1552 564; x_wconf 87' lang='lat' dir='ltr'>adnotata</span> <span class='ocrx_word' id='word_1_42' title='bbox 1596 518 1727 578; x_wconf 89' lang='lat' dir='ltr'>sunt,</span> 
     </span>
     <span class='ocr_line' id='line_1_7' title="bbox 131 581 1727 649; baseline 0.004 -20"><span class='ocrx_word' id='word_1_43' title='bbox 131 597 339 646; x_wconf 91' lang='lat' dir='ltr'>prorsus</span> <span class='ocrx_word' id='word_1_44' title='bbox 391 581 613 648; x_wconf 86' lang='lat' dir='ltr'>neglexi,</span> <span class='ocrx_word' id='word_1_45' title='bbox 664 582 807 632; x_wconf 90' lang='lat' dir='ltr'>uelut</span> <span class='ocrx_word' id='word_1_46' title='bbox 858 583 990 647; x_wconf 89' lang='lat' dir='ltr'>quod</span> <span class='ocrx_word' id='word_1_47' title='bbox 1037 602 1084 634; x_wconf 75' lang='lat' dir='ltr'>u,</span> <span class='ocrx_word' id='word_1_48' title='bbox 1129 583 1231 634; x_wconf 98' lang='grc'>352</span> <span class='ocrx_word' id='word_1_49' title='bbox 1277 601 1431 648; x_wconf 88' lang='grc'>3111113</span> <span class='ocrx_word' id='word_1_50' title='bbox 1478 588 1727 649; x_wconf 88' lang='lat' dir='ltr'>propter</span> 
     </span>
     <span class='ocr_line' id='line_1_8' title="bbox 129 651 1727 720; baseline 0.003 -20"><span class='ocrx_word' id='word_1_51' title='bbox 129 651 373 715; x_wconf 87' lang='lat' dir='ltr'>scriptum</span> <span class='ocrx_word' id='word_1_52' title='bbox 411 654 502 716; x_wconf 89' lang='lat' dir='ltr'>est,</span> <span class='ocrx_word' id='word_1_53' title='bbox 538 651 628 701; x_wconf 90' lang='lat' dir='ltr'>ubi</span> <span class='ocrx_word' id='word_1_54' title='bbox 664 652 708 701; x_wconf 88' lang='lat' dir='ltr'>·i·</span> <span class='ocrx_word' id='word_1_55' title='bbox 747 652 1000 718; x_wconf 89' lang='lat' dir='ltr'>significat</span> <span class='ocrx_word' id='word_1_56' title='bbox 1036 652 1095 702; x_wconf 89' lang='lat' dir='ltr'>id</span> <span class='ocrx_word' id='word_1_57' title='bbox 1132 655 1223 702; x_wconf 90' lang='lat' dir='ltr'>est</span> <span class='ocrx_word' id='word_1_58' title='bbox 1252 652 1335 718; x_wconf 92' lang='grc'>(31</span> <span class='ocrx_word' id='word_1_59' title='bbox 1367 653 1727 720; x_wconf 86' lang='lat' dir='ltr'>Wattenbach,</span> 
     </span>
     <span class='ocr_line' id='line_1_9' title="bbox 127 719 1723 788; baseline 0.003 -19"><span class='ocrx_word' id='word_1_60' title='bbox 127 719 412 786; x_wconf 87' lang='lat' dir='ltr'>Anleitung</span> <span class='ocrx_word' id='word_1_61' title='bbox 441 738 481 771; x_wconf 92' lang='grc' dir='ltr'>Ζ.</span> <span class='ocrx_word' id='word_1_62' title='bbox 511 721 682 771; x_wconf 89' lang='lat' dir='ltr'>latein.</span> <span class='ocrx_word' id='word_1_63' title='bbox 713 721 943 788; x_wconf 79' lang='lat' dir='ltr'>Pal&#39;aogr.</span> <span class='ocrx_word' id='word_1_64' title='bbox 973 740 1021 787; x_wconf 89' lang='lat' dir='ltr'>p.</span> <span class='ocrx_word' id='word_1_65' title='bbox 1045 721 1148 788; x_wconf 82' lang='lat'>25).</span> <span class='ocrx_word' id='word_1_66' title='bbox 1207 739 1299 772; x_wconf 92' lang='lat' dir='ltr'>nec</span> <span class='ocrx_word' id='word_1_67' title='bbox 1329 724 1566 773; x_wconf 89' lang='lat' dir='ltr'>omnibus</span> <span class='ocrx_word' id='word_1_68' title='bbox 1596 723 1723 774; x_wconf 92' lang='grc'>10313</span> 
     </span>
     <span class='ocr_line' id='line_1_10' title="bbox 126 791 1725 856; baseline 0.002 -16"><span class='ocrx_word' id='word_1_69' title='bbox 126 807 228 840; x_wconf 87' lang='grc'>11113</span> <span class='ocrx_word' id='word_1_70' title='bbox 279 807 393 839; x_wconf 85' lang='grc'>311111</span> <span class='ocrx_word' id='word_1_71' title='bbox 444 791 747 841; x_wconf 89' lang='lat' dir='ltr'>lectionibus</span> <span class='ocrx_word' id='word_1_72' title='bbox 800 809 830 841; x_wconf 93' lang='lat' dir='ltr'>a</span> <span class='ocrx_word' id='word_1_73' title='bbox 871 792 1097 841; x_wconf 89' lang='lat' dir='ltr'>librariis</span> <span class='ocrx_word' id='word_1_74' title='bbox 1142 792 1269 856; x_wconf 90' lang='lat' dir='ltr'>ipsis</span> <span class='ocrx_word' id='word_1_75' title='bbox 1315 793 1594 843; x_wconf 88' lang='lat' dir='ltr'>emendatis</span> <span class='ocrx_word' id='word_1_76' title='bbox 1640 810 1725 843; x_wconf 88' lang='lat' dir='ltr'>eas</span> 
     </span>
     <span class='ocr_line' id='line_1_11' title="bbox 128 860 1724 927; baseline 0.002 -18"><span class='ocrx_word' id='word_1_77' title='bbox 128 860 390 924; x_wconf 86' lang='lat' dir='ltr'>adnotaui‚</span> <span class='ocrx_word' id='word_1_78' title='bbox 441 877 566 924; x_wconf 89' lang='lat' dir='ltr'>quas</span> <span class='ocrx_word' id='word_1_79' title='bbox 611 861 709 910; x_wconf 89' lang='lat' dir='ltr'>illi</span> <span class='ocrx_word' id='word_1_80' title='bbox 735 863 887 910; x_wconf 89' lang='lat' dir='ltr'>antea</span> <span class='ocrx_word' id='word_1_81' title='bbox 931 864 1219 926; x_wconf 75' lang='lat' dir='ltr'>posuerant.</span> <span class='ocrx_word' id='word_1_82' title='bbox 1298 862 1401 912; x_wconf 91' lang='lat' dir='ltr'>iam</span> <span class='ocrx_word' id='word_1_83' title='bbox 1446 863 1724 927; x_wconf 87' lang='lat' dir='ltr'>scripturas</span> 
     </span>
     <span class='ocr_line' id='line_1_12' title="bbox 128 929 1723 998; baseline 0.003 -20"><span class='ocrx_word' id='word_1_84' title='bbox 128 929 386 995; x_wconf 88' lang='lat' dir='ltr'>quasdam,</span> <span class='ocrx_word' id='word_1_85' title='bbox 424 947 550 994; x_wconf 90' lang='lat' dir='ltr'>quas</span> <span class='ocrx_word' id='word_1_86' title='bbox 589 930 771 980; x_wconf 86' lang='lat' dir='ltr'>leuiter</span> <span class='ocrx_word' id='word_1_87' title='bbox 806 933 1030 980; x_wconf 89' lang='lat' dir='ltr'>mutatas</span> <span class='ocrx_word' id='word_1_88' title='bbox 1067 931 1248 996; x_wconf 89' lang='lat' dir='ltr'>recepi,</span> <span class='ocrx_word' id='word_1_89' title='bbox 1286 933 1394 981; x_wconf 88' lang='grc'>31113</span> <span class='ocrx_word' id='word_1_90' title='bbox 1432 933 1537 982; x_wconf 93' lang='lat' dir='ltr'>ullo</span> <span class='ocrx_word' id='word_1_91' title='bbox 1575 932 1723 998; x_wconf 91' lang='lat' dir='ltr'>signo</span> 
     </span>
     <span class='ocr_line' id='line_1_13' title="bbox 125 999 1724 1067; baseline 0.003 -19"><span class='ocrx_word' id='word_1_92' title='bbox 125 999 269 1049; x_wconf 90' lang='lat' dir='ltr'>uncis</span> <span class='ocrx_word' id='word_1_93' title='bbox 314 999 539 1049; x_wconf 88' lang='lat' dir='ltr'>inclusas</span> <span class='ocrx_word' id='word_1_94' title='bbox 585 999 754 1049; x_wconf 89' lang='lat' dir='ltr'>addidi</span> <span class='ocrx_word' id='word_1_95' title='bbox 798 1001 858 1050; x_wconf 90' lang='lat' dir='ltr'>cf</span> <span class='ocrx_word' id='word_1_96' title='bbox 896 1001 1238 1051; x_wconf 89' lang='grc'>11.128.183</span> <span class='ocrx_word' id='word_1_97' title='bbox 1277 1002 1414 1051; x_wconf 88' lang='grc'>311111.</span> <span class='ocrx_word' id='word_1_98' title='bbox 1487 1002 1622 1067; x_wconf 88' lang='lat' dir='ltr'>quod</span> <span class='ocrx_word' id='word_1_99' title='bbox 1660 1002 1724 1052; x_wconf 87' lang='lat' dir='ltr'>ad</span> 
     </span>
     <span class='ocr_line' id='line_1_14' title="bbox 124 1069 1722 1150; baseline 0.002 -32"><span class='ocrx_word' id='word_1_100' title='bbox 124 1086 204 1118; x_wconf 92' lang='lat' dir='ltr'>res</span> <span class='ocrx_word' id='word_1_101' title='bbox 244 1069 667 1135; x_wconf 70' lang='lat' dir='ltr'>orthographicas</span> <span class='ocrx_word' id='word_1_102' title='bbox 700 1071 898 1135; x_wconf 85' lang='lat' dir='ltr'>attinet,</span> <span class='ocrx_word' id='word_1_103' title='bbox 935 1071 1170 1120; x_wconf 83' lang='lat' dir='ltr'>omnibus</span> <span class='ocrx_word' id='word_1_104' title='bbox 1200 1071 1340 1132; x_wconf 87' lang='grc'>13313,</span> <span class='ocrx_word' id='word_1_105' title='bbox 1370 1074 1428 1121; x_wconf 93' lang='lat' dir='ltr'>ut</span> <span class='ocrx_word' id='word_1_106' title='bbox 1458 1074 1608 1122; x_wconf 88' lang='lat' dir='ltr'>antea</span> <span class='ocrx_word' id='word_1_107' title='bbox 1639 1071 1722 1150; x_wconf 83' lang='lat' dir='ltr'>(cf.</span> 
     </span>
     <span class='ocr_line' id='line_1_15' title="bbox 123 1138 1722 1206; baseline 0.003 -19"><span class='ocrx_word' id='word_1_108' title='bbox 123 1154 292 1204; x_wconf 85' lang='lat' dir='ltr'>progr.</span> <span class='ocrx_word' id='word_1_109' title='bbox 327 1138 434 1189; x_wconf 84' lang='lat' dir='ltr'>Erf.</span> <span class='ocrx_word' id='word_1_110' title='bbox 471 1157 519 1204; x_wconf 90' lang='lat' dir='ltr'>p.</span> <span class='ocrx_word' id='word_1_111' title='bbox 552 1138 719 1206; x_wconf 78' lang='lat' dir='ltr'>VIII),</span> <span class='ocrx_word' id='word_1_112' title='bbox 756 1141 1070 1190; x_wconf 85' lang='lat' dir='ltr'>sollertem</span> <span class='ocrx_word' id='word_1_113' title='bbox 1109 1143 1160 1190; x_wconf 86' lang='lat' dir='ltr'>et</span> <span class='ocrx_word' id='word_1_114' title='bbox 1197 1140 1387 1206; x_wconf 90' lang='lat' dir='ltr'>adque</span> <span class='ocrx_word' id='word_1_115' title='bbox 1426 1142 1628 1205; x_wconf 81' lang='lat' dir='ltr'>scripsi3</span> <span class='ocrx_word' id='word_1_116' title='bbox 1667 1142 1722 1190; x_wconf 92' lang='lat' dir='ltr'>in</span> 
     </span>
     <span class='ocr_line' id='line_1_16' title="bbox 126 1209 1723 1276; baseline 0.002 -19"><span class='ocrx_word' id='word_1_117' title='bbox 126 1209 306 1258; x_wconf 87' lang='lat' dir='ltr'>ceteris</span> <span class='ocrx_word' id='word_1_118' title='bbox 353 1209 525 1274; x_wconf 90' lang='lat' dir='ltr'>rebus,</span> <span class='ocrx_word' id='word_1_119' title='bbox 578 1210 666 1259; x_wconf 90' lang='grc'>3111</span> <span class='ocrx_word' id='word_1_120' title='bbox 710 1213 850 1260; x_wconf 88' lang='lat' dir='ltr'>certa</span> <span class='ocrx_word' id='word_1_121' title='bbox 892 1211 1023 1260; x_wconf 88' lang='lat' dir='ltr'>ratio</span> <span class='ocrx_word' id='word_1_122' title='bbox 1067 1210 1279 1275; x_wconf 84' lang='lat' dir='ltr'>reperiri</span> <span class='ocrx_word' id='word_1_123' title='bbox 1321 1228 1426 1260; x_wconf 89' lang='lat' dir='ltr'>non</span> <span class='ocrx_word' id='word_1_124' title='bbox 1471 1213 1723 1276; x_wconf 88' lang='lat' dir='ltr'>potuerat,</span> 
     </span>
     <span class='ocr_line' id='line_1_17' title="bbox 123 1277 1721 1331; baseline 0.003 -5"><span class='ocrx_word' id='word_1_125' title='bbox 123 1277 522 1328; x_wconf 86' lang='lat' dir='ltr'>inconstantiam</span> <span class='ocrx_word' id='word_1_126' title='bbox 574 1282 625 1328; x_wconf 81' lang='lat' dir='ltr'>et</span> <span class='ocrx_word' id='word_1_127' title='bbox 679 1280 1097 1329; x_wconf 87' lang='lat' dir='ltr'>consuetudinem</span> <span class='ocrx_word' id='word_1_128' title='bbox 1143 1280 1263 1329; x_wconf 90' lang='lat' dir='ltr'>libri</span> <span class='ocrx_word' id='word_1_129' title='bbox 1307 1279 1721 1331; x_wconf 90' lang='lat' dir='ltr'>Vindobonensis</span> 
     </span>
     <span class='ocr_line' id='line_1_18' title="bbox 123 1349 1720 1414; baseline 0.003 -18"><span class='ocrx_word' id='word_1_130' title='bbox 123 1350 324 1397; x_wconf 88' lang='lat' dir='ltr'>secutus</span> <span class='ocrx_word' id='word_1_131' title='bbox 371 1365 496 1398; x_wconf 89' lang='lat' dir='ltr'>sum.</span> <span class='ocrx_word' id='word_1_132' title='bbox 569 1365 685 1399; x_wconf 90' lang='lat' dir='ltr'>cum</span> <span class='ocrx_word' id='word_1_133' title='bbox 722 1366 843 1399; x_wconf 91' lang='lat' dir='ltr'>uero</span> <span class='ocrx_word' id='word_1_134' title='bbox 882 1349 1214 1414; x_wconf 88' lang='lat' dir='ltr'>grauissimas</span> <span class='ocrx_word' id='word_1_135' title='bbox 1252 1352 1455 1399; x_wconf 87' lang='lat' dir='ltr'>tantum</span> <span class='ocrx_word' id='word_1_136' title='bbox 1494 1350 1720 1400; x_wconf 91' lang='lat' dir='ltr'>codicum</span> 
     </span>
     <span class='ocr_line' id='line_1_19' title="bbox 121 1417 1721 1484; baseline 0.002 -18"><span class='ocrx_word' id='word_1_137' title='bbox 121 1417 364 1467; x_wconf 90' lang='lat' dir='ltr'>lectiones</span> <span class='ocrx_word' id='word_1_138' title='bbox 388 1418 565 1467; x_wconf 88' lang='lat' dir='ltr'>afferre</span> <span class='ocrx_word' id='word_1_139' title='bbox 591 1419 874 1484; x_wconf 87' lang='lat' dir='ltr'>statuerim,</span> <span class='ocrx_word' id='word_1_140' title='bbox 896 1420 948 1468; x_wconf 91' lang='lat' dir='ltr'>in</span> <span class='ocrx_word' id='word_1_141' title='bbox 973 1419 1144 1469; x_wconf 90' lang='lat' dir='ltr'>codice</span> <span class='ocrx_word' id='word_1_142' title='bbox 1166 1418 1508 1469; x_wconf 89' lang='lat' dir='ltr'>Ambrosiano</span> <span class='ocrx_word' id='word_1_143' title='bbox 1531 1419 1721 1469; x_wconf 86' lang='lat' dir='ltr'>flama</span> 
     </span>
     <span class='ocr_line' id='line_1_20' title="bbox 123 1487 1720 1553; baseline 0.001 -15"><span class='ocrx_word' id='word_1_144' title='bbox 123 1491 173 1538; x_wconf 87' lang='lat' dir='ltr'>et</span> <span class='ocrx_word' id='word_1_145' title='bbox 221 1487 507 1553; x_wconf 88' lang='lat' dir='ltr'>flamiger</span> <span class='ocrx_word' id='word_1_146' title='bbox 552 1488 799 1552; x_wconf 87' lang='lat' dir='ltr'>scriptum</span> <span class='ocrx_word' id='word_1_147' title='bbox 845 1505 951 1538; x_wconf 91' lang='lat' dir='ltr'>esse</span> <span class='ocrx_word' id='word_1_148' title='bbox 996 1488 1095 1539; x_wconf 91' lang='lat' dir='ltr'>hoc</span> <span class='ocrx_word' id='word_1_149' title='bbox 1137 1489 1249 1538; x_wconf 92' lang='lat' dir='ltr'>loco</span> <span class='ocrx_word' id='word_1_150' title='bbox 1294 1489 1550 1539; x_wconf 88' lang='lat' dir='ltr'>monuisse</span> <span class='ocrx_word' id='word_1_151' title='bbox 1595 1489 1720 1539; x_wconf 88' lang='lat' dir='ltr'>satis</span> 
     </span>
     <span class='ocr_line' id='line_1_21' title="bbox 123 1557 1721 1625; baseline 0.001 -18"><span class='ocrx_word' id='word_1_152' title='bbox 123 1559 214 1607; x_wconf 87' lang='lat' dir='ltr'>est.</span> <span class='ocrx_word' id='word_1_153' title='bbox 273 1557 425 1606; x_wconf 88' lang='lat' dir='ltr'>etiam</span> <span class='ocrx_word' id='word_1_154' title='bbox 462 1557 578 1606; x_wconf 92' lang='lat' dir='ltr'>inde</span> <span class='ocrx_word' id='word_1_155' title='bbox 617 1575 647 1607; x_wconf 90' lang='lat' dir='ltr'>a</span> <span class='ocrx_word' id='word_1_156' title='bbox 682 1575 729 1607; x_wconf 91' lang='lat' dir='ltr'>u.</span> <span class='ocrx_word' id='word_1_157' title='bbox 770 1558 901 1608; x_wconf 86' lang='lat'>1581</span> <span class='ocrx_word' id='word_1_158' title='bbox 942 1576 1034 1622; x_wconf 92' lang='lat' dir='ltr'>pro</span> <span class='ocrx_word' id='word_1_159' title='bbox 1075 1559 1240 1608; x_wconf 91' lang='lat' dir='ltr'>succi</span> <span class='ocrx_word' id='word_1_160' title='bbox 1278 1559 1547 1625; x_wconf 87' lang='lat' dir='ltr'>genitrix</span> <span class='ocrx_word' id='word_1_161' title='bbox 1585 1559 1721 1608; x_wconf 90' lang='lat' dir='ltr'>simi-</span> 
     </span>
     <span class='ocr_line' id='line_1_22' title="bbox 120 1627 1720 1692; baseline 0.001 -16"><span class='ocrx_word' id='word_1_162' title='bbox 120 1627 253 1677; x_wconf 86' lang='lat' dir='ltr'>libus</span> <span class='ocrx_word' id='word_1_163' title='bbox 283 1628 469 1677; x_wconf 87' lang='lat' dir='ltr'>tacitus</span> <span class='ocrx_word' id='word_1_164' title='bbox 499 1627 648 1692; x_wconf 89' lang='lat' dir='ltr'>posui</span> <span class='ocrx_word' id='word_1_165' title='bbox 679 1628 808 1678; x_wconf 86' lang='lat' dir='ltr'>suci</span> <span class='ocrx_word' id='word_1_166' title='bbox 838 1628 1118 1692; x_wconf 84' lang='lat' dir='ltr'>genetrix</span> <span class='ocrx_word' id='word_1_167' title='bbox 1149 1628 1263 1678; x_wconf 87' lang='lat' dir='ltr'>alia.</span> <span class='ocrx_word' id='word_1_168' title='bbox 1321 1628 1515 1678; x_wconf 89' lang='lat' dir='ltr'>inuitus</span> <span class='ocrx_word' id='word_1_169' title='bbox 1546 1631 1720 1679; x_wconf 89' lang='lat' dir='ltr'>tamen</span> 
     </span>
    </p>
   </div>
   <div class='ocr_carea' id='block_1_3' title="bbox 122 1697 1719 1832">
    <p class='ocr_par' dir='ltr' id='par_1_3' title="bbox 122 1697 1719 1832">
     <span class='ocr_line' id='line_1_23' title="bbox 122 1697 458 1747; baseline 0.003 -2"><span class='ocrx_word' id='word_1_170' title='bbox 122 1697 272 1746; x_wconf 86' lang='lat' dir='ltr'>omisi</span> <span class='ocrx_word' id='word_1_171' title='bbox 309 1697 458 1747; x_wconf 89' lang='lat' dir='ltr'>haec:</span> 
     </span>
     <span class='ocr_line' id='line_1_24' title="bbox 263 1766 1719 1832; baseline 0.002 -17"><span class='ocrx_word' id='word_1_172' title='bbox 263 1766 360 1816; x_wconf 84' lang='lat'>139</span> <span class='ocrx_word' id='word_1_173' title='bbox 400 1767 590 1816; x_wconf 88' lang='lat' dir='ltr'>ciscum</span> <span class='ocrx_word' id='word_1_174' title='bbox 626 1767 755 1817; x_wconf 86' lang='lat' dir='ltr'>flexo</span> <span class='ocrx_word' id='word_1_175' title='bbox 785 1767 836 1816; x_wconf 88' lang='lat' dir='ltr'><strong><em>A</em></strong></span> <span class='ocrx_word' id='word_1_176' title='bbox 894 1767 996 1817; x_wconf 89' lang='grc'>213</span> <span class='ocrx_word' id='word_1_177' title='bbox 1026 1767 1351 1832; x_wconf 69' lang='lat' dir='ltr'>Neptunique</span> <span class='ocrx_word' id='word_1_178' title='bbox 1381 1767 1433 1816; x_wconf 92' lang='lat' dir='ltr'><strong><em>A</em></strong></span> <span class='ocrx_word' id='word_1_179' title='bbox 1498 1768 1600 1818; x_wconf 89' lang='lat'>510</span> <span class='ocrx_word' id='word_1_180' title='bbox 1631 1771 1719 1818; x_wconf 90' lang='lat' dir='ltr'>aut</span> 
     </span>
    </p>
   </div>
   <div class='ocr_carea' id='block_1_4' title="bbox 128 1836 1717 1901">
    <p class='ocr_par' dir='ltr' id='par_1_4' title="bbox 128 1836 1717 1901">
     <span class='ocr_line' id='line_1_25' title="bbox 128 1836 1717 1901; baseline 0 -14"><span class='ocrx_word' id='word_1_181' title='bbox 128 1836 177 1887; x_wconf 90' lang='lat' dir='ltr'><strong><em>V</em></strong></span> <span class='ocrx_word' id='word_1_182' title='bbox 215 1836 351 1886; x_wconf 88' lang='lat' dir='ltr'>haud</span> <span class='ocrx_word' id='word_1_183' title='bbox 396 1837 448 1886; x_wconf 87' lang='lat' dir='ltr'><strong><em>A</em></strong></span> <span class='ocrx_word' id='word_1_184' title='bbox 555 1837 656 1887; x_wconf 84' lang='grc'>826</span> <span class='ocrx_word' id='word_1_185' title='bbox 713 1837 902 1901; x_wconf 54' lang='lat' dir='ltr'>piscem</span> <span class='ocrx_word' id='word_1_186' title='bbox 952 1838 1159 1887; x_wconf 71' lang='lat' dir='ltr'>correxit</span> <span class='ocrx_word' id='word_1_187' title='bbox 1208 1837 1257 1887; x_wconf 92' lang='lat' dir='ltr'><strong><em>V</em></strong></span> <span class='ocrx_word' id='word_1_188' title='bbox 1353 1837 1453 1887; x_wconf 82' lang='lat'>843</span> <span class='ocrx_word' id='word_1_189' title='bbox 1508 1838 1717 1888; x_wconf 90' lang='lat' dir='ltr'>circum-</span> 
     </span>
    </p>
   </div>
   <div class='ocr_carea' id='block_1_5' title="bbox 12 1906 1713 1972">
    <p class='ocr_par' dir='ltr' id='par_1_5' title="bbox 12 1906 1713 1972">
     <span class='ocr_line' id='line_1_26' title="bbox 12 1906 1713 1972; baseline 0.001 -17"><span class='ocrx_word' id='word_1_190' title='bbox 12 1915 14 1918; x_wconf 85' lang='lat'>&#39;</span> <span class='ocrx_word' id='word_1_191' title='bbox 118 1906 380 1956; x_wconf 90' lang='lat' dir='ltr'>uoluultur</span> <span class='ocrx_word' id='word_1_192' title='bbox 432 1907 480 1956; x_wconf 90' lang='lat' dir='ltr'><strong><em>V</em></strong></span> <span class='ocrx_word' id='word_1_193' title='bbox 552 1907 652 1956; x_wconf 87' lang='lat'>909</span> <span class='ocrx_word' id='word_1_194' title='bbox 698 1923 762 1956; x_wconf 92' lang='lat' dir='ltr'>ne</span> <span class='ocrx_word' id='word_1_195' title='bbox 808 1924 941 1972; x_wconf 90' lang='lat' dir='ltr'>quas</span> <span class='ocrx_word' id='word_1_196' title='bbox 978 1907 1029 1956; x_wconf 89' lang='lat' dir='ltr'><strong><em>A</em></strong></span> <span class='ocrx_word' id='word_1_197' title='bbox 1101 1906 1203 1956; x_wconf 89' lang='grc'>915</span> <span class='ocrx_word' id='word_1_198' title='bbox 1248 1907 1442 1956; x_wconf 88' lang='grc'>33311113</span> <span class='ocrx_word' id='word_1_199' title='bbox 1494 1907 1543 1957; x_wconf 94' lang='lat' dir='ltr'><strong><em>V</em></strong></span> <span class='ocrx_word' id='word_1_200' title='bbox 1613 1908 1713 1957; x_wconf 88' lang='lat'>941</span> 
     </span>
    </p>
   </div>
   <div class='ocr_carea' id='block_1_6' title="bbox 118 1976 1718 2027">
    <p class='ocr_par' dir='ltr' id='par_1_6' title="bbox 118 1976 1718 2027">
     <span class='ocr_line' id='line_1_27' title="bbox 118 1976 1718 2027; baseline 0.001 -2"><span class='ocrx_word' id='word_1_201' title='bbox 118 1978 208 2025; x_wconf 85' lang='lat' dir='ltr'>aut</span> <span class='ocrx_word' id='word_1_202' title='bbox 251 1976 301 2026; x_wconf 93' lang='lat' dir='ltr'><strong><em>V</em></strong></span> <span class='ocrx_word' id='word_1_203' title='bbox 365 1976 467 2026; x_wconf 82' lang='lat'>976</span> <span class='ocrx_word' id='word_1_204' title='bbox 506 1976 665 2026; x_wconf 87' lang='lat' dir='ltr'>credit</span> <span class='ocrx_word' id='word_1_205' title='bbox 711 1977 759 2026; x_wconf 90' lang='lat' dir='ltr'><strong><em>V</em></strong></span> <span class='ocrx_word' id='word_1_206' title='bbox 826 1976 959 2027; x_wconf 88' lang='grc'>1093</span> <span class='ocrx_word' id='word_1_207' title='bbox 997 1993 1210 2026; x_wconf 90' lang='lat' dir='ltr'>consore</span> <span class='ocrx_word' id='word_1_208' title='bbox 1247 1977 1298 2026; x_wconf 92' lang='lat' dir='ltr'><strong><em>A</em></strong></span> <span class='ocrx_word' id='word_1_209' title='bbox 1374 1977 1507 2027; x_wconf 85' lang='lat'>1106</span> <span class='ocrx_word' id='word_1_210' title='bbox 1547 1977 1718 2027; x_wconf 87' lang='lat' dir='ltr'>eondi-</span> 
     </span>
    </p>
   </div>
   <div class='ocr_carea' id='block_1_7' title="bbox 115 2046 1715 2181">
    <p class='ocr_par' dir='ltr' id='par_1_7' title="bbox 115 2046 1694 2181">
     <span class='ocr_line' id='line_1_28' title="bbox 115 2046 854 2096; baseline 0.003 -2"><span class='ocrx_word' id='word_1_211' title='bbox 115 2048 199 2095; x_wconf 91' lang='lat' dir='ltr'>tus</span> <span class='ocrx_word' id='word_1_212' title='bbox 236 2046 288 2095; x_wconf 94' lang='lat' dir='ltr'><strong><em>A</em></strong></span> <span class='ocrx_word' id='word_1_213' title='bbox 364 2046 496 2096; x_wconf 82' lang='grc'>1723</span> <span class='ocrx_word' id='word_1_214' title='bbox 535 2046 754 2096; x_wconf 89' lang='lat' dir='ltr'>sintillas</span> <span class='ocrx_word' id='word_1_215' title='bbox 791 2047 854 2096; x_wconf 94' lang='lat' dir='ltr'>A.</span> 
     </span>
     <span class='ocr_line' id='line_1_29' title="bbox 259 2083 1715 2181; baseline 0.001 -17"><span class='ocrx_word' id='word_1_216' title='bbox 259 2113 356 2164; x_wconf 83' lang='lat' dir='ltr'>Sed</span> <span class='ocrx_word' id='word_1_217' title='bbox 400 2133 500 2181; x_wconf 93' lang='lat' dir='ltr'>quo</span> <span class='ocrx_word' id='word_1_218' title='bbox 545 2116 745 2166; x_wconf 84' lang='lat' dir='ltr'>facilius</span> <span class='ocrx_word' id='word_1_219' title='bbox 789 2118 984 2180; x_wconf 88' lang='lat' dir='ltr'>pateat,</span> <span class='ocrx_word' id='word_1_220' title='bbox 1029 2118 1218 2181; x_wconf 91' lang='lat' dir='ltr'>quanta</span> <span class='ocrx_word' id='word_1_221' title='bbox 1260 2116 1543 2166; x_wconf 89' lang='lat' dir='ltr'>intercedat</span> <span class='ocrx_word' id='word_1_222' title='bbox 1578 2083 1715 2167; x_wconf 87' lang='lat' dir='ltr'>diffe-</span> 
     </span>
    </p>
   </div>
   <div class='ocr_carea' id='block_1_8' title="bbox 115 2185 1716 2739">
    <p class='ocr_par' dir='ltr' id='par_1_8' title="bbox 115 2185 1716 2445">
     <span class='ocr_line' id='line_1_30' title="bbox 116 2185 1715 2251; baseline 0.001 -17"><span class='ocrx_word' id='word_1_223' title='bbox 116 2185 281 2234; x_wconf 86' lang='lat' dir='ltr'>rentia</span> <span class='ocrx_word' id='word_1_224' title='bbox 321 2185 456 2235; x_wconf 90' lang='lat' dir='ltr'>inter</span> <span class='ocrx_word' id='word_1_225' title='bbox 493 2186 730 2251; x_wconf 85' lang='lat' dir='ltr'>uulgatas</span> <span class='ocrx_word' id='word_1_226' title='bbox 768 2186 1010 2236; x_wconf 88' lang='lat' dir='ltr'>lectiones</span> <span class='ocrx_word' id='word_1_227' title='bbox 1050 2189 1102 2235; x_wconf 92' lang='lat' dir='ltr'>et</span> <span class='ocrx_word' id='word_1_228' title='bbox 1138 2188 1360 2250; x_wconf 91' lang='lat' dir='ltr'>nostras,</span> <span class='ocrx_word' id='word_1_229' title='bbox 1404 2185 1498 2236; x_wconf 89' lang='lat' dir='ltr'>has</span> <span class='ocrx_word' id='word_1_230' title='bbox 1536 2187 1715 2251; x_wconf 90' lang='lat' dir='ltr'>quauis</span> 
     </span>
     <span class='ocr_line' id='line_1_31' title="bbox 116 2255 1715 2321; baseline 0 -17"><span class='ocrx_word' id='word_1_231' title='bbox 116 2271 282 2304; x_wconf 91' lang='lat' dir='ltr'>rerum</span> <span class='ocrx_word' id='word_1_232' title='bbox 318 2255 832 2321; x_wconf 84' lang='lat' dir='ltr'>orthographicarum</span> <span class='ocrx_word' id='word_1_233' title='bbox 863 2255 1178 2305; x_wconf 85' lang='lat' dir='ltr'>dissensione</span> <span class='ocrx_word' id='word_1_234' title='bbox 1206 2256 1439 2321; x_wconf 86' lang='lat' dir='ltr'>neglecta</span> <span class='ocrx_word' id='word_1_235' title='bbox 1470 2273 1584 2305; x_wconf 92' lang='lat' dir='ltr'>cum</span> <span class='ocrx_word' id='word_1_236' title='bbox 1615 2256 1715 2305; x_wconf 92' lang='lat' dir='ltr'>edi-</span> 
     </span>
     <span class='ocr_line' id='line_1_32' title="bbox 115 2323 1716 2390; baseline 0.001 -17"><span class='ocrx_word' id='word_1_237' title='bbox 115 2324 268 2389; x_wconf 89' lang='lat' dir='ltr'>tione,</span> <span class='ocrx_word' id='word_1_238' title='bbox 306 2342 458 2389; x_wconf 91' lang='lat' dir='ltr'>quam</span> <span class='ocrx_word' id='word_1_239' title='bbox 487 2324 543 2374; x_wconf 81' lang='lat' dir='ltr'>F.</span> <span class='ocrx_word' id='word_1_240' title='bbox 574 2323 628 2375; x_wconf 82' lang='lat' dir='ltr'>O.</span> <span class='ocrx_word' id='word_1_241' title='bbox 659 2325 909 2375; x_wconf 90' lang='lat' dir='ltr'>Matthiae</span> <span class='ocrx_word' id='word_1_242' title='bbox 939 2325 1155 2389; x_wconf 85' lang='lat' dir='ltr'>parauit,</span> <span class='ocrx_word' id='word_1_243' title='bbox 1190 2325 1264 2374; x_wconf 87' lang='lat' dir='ltr'>ita</span> <span class='ocrx_word' id='word_1_244' title='bbox 1301 2326 1622 2390; x_wconf 82' lang='lat' dir='ltr'>contulimus,</span> <span class='ocrx_word' id='word_1_245' title='bbox 1658 2327 1716 2374; x_wconf 92' lang='lat' dir='ltr'>ut</span> 
     </span>
     <span class='ocr_line' id='line_1_33' title="bbox 117 2394 1714 2445; baseline 0.001 -2"><span class='ocrx_word' id='word_1_246' title='bbox 117 2394 419 2444; x_wconf 90' lang='lat' dir='ltr'>lectionibus</span> <span class='ocrx_word' id='word_1_247' title='bbox 463 2394 600 2444; x_wconf 90' lang='lat' dir='ltr'>illius</span> <span class='ocrx_word' id='word_1_248' title='bbox 645 2399 846 2445; x_wconf 90' lang='lat' dir='ltr'>nostras</span> <span class='ocrx_word' id='word_1_249' title='bbox 886 2394 1198 2444; x_wconf 90' lang='lat' dir='ltr'>adderemus.</span> <span class='ocrx_word' id='word_1_250' title='bbox 1272 2397 1389 2444; x_wconf 88' lang='lat' dir='ltr'>sunt</span> <span class='ocrx_word' id='word_1_251' title='bbox 1426 2395 1559 2444; x_wconf 91' lang='lat' dir='ltr'>enim</span> <span class='ocrx_word' id='word_1_252' title='bbox 1597 2394 1714 2444; x_wconf 85' lang='lat' dir='ltr'>hae:</span> 
     </span>
    </p>

    <p class='ocr_par' dir='ltr' id='par_1_9' title="bbox 115 2464 1715 2739">
     <span class='ocr_line' id='line_1_34' title="bbox 260 2464 1712 2529; baseline 0.001 -17"><span class='ocrx_word' id='word_1_253' title='bbox 260 2465 284 2513; x_wconf 89' lang='lat'>1</span> <span class='ocrx_word' id='word_1_254' title='bbox 324 2464 555 2529; x_wconf 89' lang='lat' dir='ltr'>inceptor</span> <span class='ocrx_word' id='word_1_255' title='bbox 585 2467 592 2525; x_wconf 82' lang='grc' dir='ltr'>Ι</span> <span class='ocrx_word' id='word_1_256' title='bbox 626 2465 859 2515; x_wconf 89' lang='lat' dir='ltr'>incentor</span> <span class='ocrx_word' id='word_1_257' title='bbox 923 2465 955 2513; x_wconf 91' lang='grc'>2</span> <span class='ocrx_word' id='word_1_258' title='bbox 995 2465 1245 2514; x_wconf 88' lang='lat' dir='ltr'>excelsam</span> <span class='ocrx_word' id='word_1_259' title='bbox 1279 2469 1286 2522; x_wconf 86' lang='grc' dir='ltr'>Ι</span> <span class='ocrx_word' id='word_1_260' title='bbox 1318 2467 1369 2513; x_wconf 89' lang='lat' dir='ltr'>et</span> <span class='ocrx_word' id='word_1_261' title='bbox 1399 2465 1584 2514; x_wconf 89' lang='lat' dir='ltr'>celsam</span> <span class='ocrx_word' id='word_1_262' title='bbox 1650 2465 1712 2514; x_wconf 87' lang='lat'>13</span> 
     </span>
     <span class='ocr_line' id='line_1_35' title="bbox 116 2533 1712 2600; baseline 0.001 -18"><span class='ocrx_word' id='word_1_263' title='bbox 116 2533 291 2583; x_wconf 89' lang='lat' dir='ltr'>mundi</span> <span class='ocrx_word' id='word_1_264' title='bbox 313 2534 586 2600; x_wconf 88' lang='lat' dir='ltr'>primigeni</span> <span class='ocrx_word' id='word_1_265' title='bbox 618 2534 624 2598; x_wconf 81' lang='grc' dir='ltr'>Ι</span> <span class='ocrx_word' id='word_1_266' title='bbox 658 2535 843 2584; x_wconf 90' lang='lat' dir='ltr'>mentis</span> <span class='ocrx_word' id='word_1_267' title='bbox 866 2533 1178 2599; x_wconf 85' lang='lat' dir='ltr'>primigenae</span> <span class='ocrx_word' id='word_1_268' title='bbox 1241 2533 1305 2583; x_wconf 90' lang='lat'>15</span> <span class='ocrx_word' id='word_1_269' title='bbox 1328 2533 1506 2584; x_wconf 88' lang='lat' dir='ltr'>foedus</span> <span class='ocrx_word' id='word_1_270' title='bbox 1540 2538 1546 2595; x_wconf 92' lang='grc' dir='ltr'>Ι</span> <span class='ocrx_word' id='word_1_271' title='bbox 1578 2533 1712 2584; x_wconf 87' lang='lat' dir='ltr'>fetus</span> 
     </span>
     <span class='ocr_line' id='line_1_36' title="bbox 120 2600 1715 2671; baseline 0.001 -19"><span class='ocrx_word' id='word_1_272' title='bbox 120 2604 181 2652; x_wconf 85' lang='lat'>17</span> <span class='ocrx_word' id='word_1_273' title='bbox 208 2620 497 2668; x_wconf 90' lang='lat' dir='ltr'>supremum</span> <span class='ocrx_word' id='word_1_274' title='bbox 522 2602 527 2671; x_wconf 85' lang='grc' dir='ltr'>Ι</span> <span class='ocrx_word' id='word_1_275' title='bbox 556 2604 832 2654; x_wconf 85' lang='grc'>3333311331</span> <span class='ocrx_word' id='word_1_276' title='bbox 903 2603 972 2653; x_wconf 88' lang='grc'>20</span> <span class='ocrx_word' id='word_1_277' title='bbox 1001 2605 1144 2653; x_wconf 88' lang='lat' dir='ltr'>actor</span> <span class='ocrx_word' id='word_1_278' title='bbox 1168 2600 1173 2670; x_wconf 89' lang='grc'>1</span> <span class='ocrx_word' id='word_1_279' title='bbox 1201 2605 1376 2653; x_wconf 88' lang='lat' dir='ltr'>auctor</span> <span class='ocrx_word' id='word_1_280' title='bbox 1446 2604 1510 2653; x_wconf 91' lang='grc'>21</span> <span class='ocrx_word' id='word_1_281' title='bbox 1536 2606 1715 2668; x_wconf 88' lang='lat' dir='ltr'>pastor</span> 
     </span>
     <span class='ocr_line' id='line_1_37' title="bbox 115 2670 1710 2739; baseline 0.001 -18"><span class='ocrx_word' id='word_1_282' title='bbox 115 2689 255 2722; x_wconf 90' lang='lat' dir='ltr'>sacer</span> <span class='ocrx_word' id='word_1_283' title='bbox 279 2670 284 2739; x_wconf 85' lang='grc'>1</span> <span class='ocrx_word' id='word_1_284' title='bbox 310 2672 475 2724; x_wconf 88' lang='lat' dir='ltr'>factus</span> <span class='ocrx_word' id='word_1_285' title='bbox 499 2676 644 2739; x_wconf 89' lang='lat' dir='ltr'>pater</span> <span class='ocrx_word' id='word_1_286' title='bbox 709 2674 776 2724; x_wconf 92' lang='grc'>22</span> <span class='ocrx_word' id='word_1_287' title='bbox 799 2672 1084 2739; x_wconf 90' lang='lat' dir='ltr'>perrumpit</span> <span class='ocrx_word' id='word_1_288' title='bbox 1110 2670 1114 2739; x_wconf 71' lang='grc'>1</span> <span class='ocrx_word' id='word_1_289' title='bbox 1142 2673 1372 2738; x_wconf 87' lang='lat' dir='ltr'>perrupit</span> <span class='ocrx_word' id='word_1_290' title='bbox 1437 2674 1504 2723; x_wconf 84' lang='lat'>27</span> <span class='ocrx_word' id='word_1_291' title='bbox 1529 2676 1675 2739; x_wconf 89' lang='lat' dir='ltr'>pater</span> <span class='ocrx_word' id='word_1_292' title='bbox 1703 2670 1710 2739; x_wconf 91' lang='grc' dir='ltr'>Ι</span> 
     </span>
    </p>
   </div>
  </div>
 </body>
</html>
