1916 2944
770 194 834 199 ,-
908 165 1112 214 31—

144 273 423 340 transierit‚
461 275 594 325 celso
632 275 735 326 late
773 292 825 325 se
864 274 1066 326 cardine
1102 276 1283 342 pandit

145 346 476 410 auratumque
511 344 699 395 rubens
737 345 960 395 demittit
996 346 1195 396 balteus
1234 363 1423 397 ensem.

213 412 352 464 Talis
391 417 442 464 et
476 415 584 480 ipse
620 415 789 465 uirum
827 415 1033 480 gemina
1071 415 1134 466 ad
1170 415 1390 483 uestigia
1426 419 1598 467 custos

33 493 111 531 725
142 483 439 550 insequitur.
513 484 586 535 sic
620 484 935 551 flammigero
973 486 1304 552 distinguitur
1341 488 1477 536 astro

144 553 398 604 aetheriae
435 554 602 604 canis
640 555 726 604 ille
763 555 967 621 plagae,
1005 556 1085 605 cui
1121 556 1368 620 plurimus
1407 555 1558 606 ardor

143 625 345 673 aestuat
379 623 434 673 in
470 626 665 688 mento,
702 625 892 675 multus
930 626 1087 676 rubor
1122 624 1292 675 inbuit
1328 642 1431 676 ora.

144 692 315 742 stridit
351 693 614 744 anhelanti
650 694 759 744 face
795 694 1030 760 pestifer,
1066 711 1184 745 aera
1220 697 1364 745 motu

141 765 306 812 torret
343 766 394 812 et
429 763 671 814 inmodici
707 767 870 814 terras
908 764 1080 830 coquit
1115 764 1320 830 ignibus
1343 764 1498 814 astri.

32 841 111 879 730
141 831 224 882 hic
260 833 431 882 uarios
470 833 612 883 ardet
649 834 811 884 stellis
849 833 1180 885 rutilantibus
1219 836 1359 884 artus
1369 873 1383 899 ,

142 901 230 952 sed
265 919 368 953 non
405 905 483 952 est
520 902 700 954 similis
739 904 930 954 cunctis
967 904 1136 970 uigor,
1173 903 1391 968 undique
1430 904 1618 970 quippe

140 971 286 1022 aluus
326 989 544 1022 coeanea
582 976 679 1038 est,
716 977 888 1024 mento
926 974 1099 1040 grauis
1137 973 1300 1023 effluit
1335 973 1506 1039 ardor,

141 1041 226 1106 qui
265 1041 536 1093 formidato
576 1044 670 1093 sub
707 1044 913 1094 nomine
952 1042 1150 1093 Sirius
1188 1043 1420 1093 aethram

139 1111 253 1161 urit.
324 1111 441 1162 huic
477 1112 658 1163 rutilos
697 1114 740 1163 si
778 1111 865 1164 Sol
903 1113 1164 1164 adflexerit
1201 1130 1340 1178 axes,

29 1187 108 1226 735
140 1183 360 1246 quantus
398 1182 716 1247 corporibUS,
754 1185 972 1249 quantus
1010 1183 1156 1233 labor
1190 1182 1404 1233 inminet
1441 1184 1601 1249 agris!

139 1251 436 1301 marcebunt
472 1254 584 1301 sata
621 1255 798 1303 cuncta
836 1253 942 1317 diu,
977 1269 1196 1319 namque
1233 1252 1411 1319 indiga
1448 1254 1576 1319 suci,

139 1319 181 1368 si
218 1337 317 1385 qua
354 1321 542 1386 iacent,
580 1322 766 1372 cedunt
801 1322 970 1373 ualido
1008 1324 1274 1387 penetrata
1303 1323 1483 1388 calori,

139 1406 198 1439 ac
236 1390 556 1441 decoctorum
593 1392 912 1457 languebunt
949 1392 1180 1457 germina
1214 1391 1410 1442 florum.

136 1459 227 1509 illa
263 1462 452 1525 autem,
488 1461 690 1511 interno
728 1478 855 1527 quae
894 1463 1013 1512 sunt
1050 1462 1275 1510 animata
1310 1461 1508 1527 uigore,

27 1538 106 1576 740
138 1527 298 1579 Sirius
337 1530 539 1580 adtollit
574 1531 890 1596 blandusque
927 1531 1171 1581 inlabitur
1207 1531 1390 1580 herbas

138 1596 298 1649 Sirius
337 1602 388 1649 et
425 1600 559 1651 dulci
594 1601 759 1651 nutrit
794 1601 1050 1666 tepefacta
1087 1618 1278 1651 sereno.

135 1668 291 1734 hunc,
329 1669 484 1736 hunc,
521 1670 807 1721 flammanti
843 1688 958 1720 cum
994 1670 1217 1736 primum
1253 1670 1424 1720 uibrat
1461 1671 1525 1721 ab
1565 1675 1702 1737 ortU,

136 1738 344 1789 auribus
391 1739 552 1805 adque
591 1741 760 1790 animo
800 1741 1026 1805 capimus
1063 1741 1254 1806 procul.
1327 1740 1486 1790 altera
1525 1741 1567 1791 si
1606 1758 1732 1807 quae

137 1809 398 1858 stellarum
436 1809 576 1861 fuluo
613 1811 850 1875 rutilant,
887 1827 1015 1876 quae
1051 1810 1271 1875 plurima
1307 1810 1450 1876 longi

0 1887 104 1954 {745
135 1878 288 1929 belua
323 1878 424 1929 fert
460 1880 657 1945 lateris,
693 1897 856 1945 neque
893 1881 1057 1930 multa
1092 1880 1203 1929 luce
1240 1883 1508 1930 coruscant

0 1961 5 2012 ι

0 2017 4 2108 ἱ

0 2113 5 2187 ξι

0 2363 9 2466 l

137 1950 187 1997 et
223 1948 549 2015 designandis
586 1953 790 2000 tantum
828 1953 946 2000 sunt
982 1949 1154 1999 addita
1191 1950 1448 2000 membris.

190 2016 440 2068 Paruulus
450 2019 504 2068 in
516 2020 678 2070 stellis
694 2019 711 2068 l
723 2037 748 2069 e
756 2037 788 2084 p
799 2038 833 2070 u
843 2038 865 2069 s
883 2022 960 2070 est
969 2036 1181 2085 quoque,
1189 2036 1407 2085 namque
1417 2020 1505 2070 ubi
1513 2036 1730 2087 magnus

137 2087 320 2138 emicat
357 2087 536 2156 Orion,
575 2090 779 2156 gemina
817 2090 878 2140 ad
915 2090 1135 2155 uestigia
1172 2089 1346 2139 subter

249 2272 326 2310 722
364 2268 455 2311 late
485 2269 527 2310 A
565 2268 684 2311 latae
723 2269 765 2310 V
877 2272 956 2312 723
995 2267 1192 2310 demittit
1221 2268 1454 2311 Schraderi
1483 2273 1731 2311 commenta·

133 2324 228 2365 rius
256 2324 448 2367 Beroliri.
481 2324 669 2366 dimittit
700 2324 810 2366 VAe
922 2338 964 2367 u.
998 2327 1086 2367 724
1123 2325 1376 2367 inscribitur
1407 2324 1610 2366 SYRIVS
1652 2325 1733 2365 VA

138 2383 217 2422 728
248 2380 476 2423 anhelanti
514 2381 556 2421 V
581 2380 810 2438 anhelanti
839 2382 882 2422 A
968 2384 1047 2422 732
1079 2380 1204 2422 aluus
1235 2393 1425 2422 coeanea
1455 2382 1524 2422 est
1553 2380 1732 2423 Grotius

135 2436 285 2479 alueus
317 2449 455 2478 ocana
483 2442 538 2478 aa
568 2442 591 2479 e
630 2437 671 2477 V
697 2437 849 2479 alueus
880 2449 1044 2479 ocanea
1074 2437 1141 2478 est
1169 2435 1213 2477 A
1278 2440 1357 2478 735
1389 2435 1507 2489 agris
1546 2435 1587 2476 V
1613 2436 1730 2492 egris

137 2496 216 2534 737
240 2493 472 2545 penetrata
494 2493 536 2534 A
559 2494 764 2547 penti-ata
796 2493 838 2534 V
892 2497 971 2535 739
995 2492 1147 2545 uigore
1173 2492 1214 2533 V
1231 2492 1372 2534 nitore
1388 2491 1431 2534 A
1492 2495 1572 2534 740
1596 2491 1731 2534 Sirius

136 2547 316 2592 Grotius
347 2547 393 2590 si
421 2548 542 2602 prius
582 2549 661 2590 VA
683 2551 698 2602 ΙΙ
720 2549 993 2601 blandusque
1029 2548 1070 2589 V
1095 2560 1203 2590 corr.
1233 2560 1389 2590 manus
1419 2550 1444 2590 1
1473 2548 1516 2589 A
1539 2548 1554 2601 ΙΙ
1575 2548 1733 2590 herbas

144 2604 184 2645 V
218 2603 376 2660 herbas
412 2605 456 2646 A
599 2609 678 2647 ‘141
722 2603 864 2646 nutrit
898 2604 1121 2657 tepefacta
1156 2604 1199 2645 A
1237 2603 1401 2646 nutrite
1438 2616 1493 2656 pe
1530 2604 1650 2646 facta
1694 2603 1734 2644 V

137 2664 218 2702 744
246 2659 367 2702 fuluo
407 2660 487 2702 VA
517 2661 571 2713 cf.
604 2661 782 2703 Hermes
814 2660 924 2702 XII
949 2673 995 2713 p.
1029 2662 1113 2702 155
1140 2672 1183 2701 n.
1213 2662 1272 2703 22
1390 2663 1470 2702 745
1501 2660 1731 2702 coruscant

144 2716 185 2756 V
219 2729 450 2760 coruscans
480 2716 523 2758 A
610 2730 652 2759 u.
685 2720 771 2761 747
799 2717 1054 2760 inscribitur
1083 2715 1265 2758 LEPVS
1306 2715 1386 2757 VA
