1916 2944
113 520 194 558 210

114 868 192 905 215

111 1216 191 1253 220

109 1563 189 1601 225

107 1912 187 1949 230

851 119 1193 169 ...10-

224 228 451 279 Triccaei
488 229 626 278 sidus
664 230 768 278 stat
801 229 1023 280 nominis
1062 232 1113 279 et
1149 230 1230 280 cui
1266 230 1445 296 pingui

223 301 336 348 ture
372 298 690 363 Epidaureae
725 297 929 348 fumant
966 299 1153 350 altaria
1189 299 1336 351 sedis,

222 368 277 417 in
315 366 478 434 Styga
515 367 738 418 decursis
773 385 1041 432 parcarum
1079 369 1142 419 ab
1182 369 1375 436 origine
1410 370 1537 421 fusis

225 439 472 487 merserat
506 437 846 502 Hippolytum
884 454 994 488 sors
1030 438 1213 488 ultima
1248 439 1449 504 iamque
1485 457 1576 507 per
1611 441 1740 490 imas

226 505 403 572 Cocyti
438 507 674 556 tenebras
714 509 765 556 et
801 510 984 573 stagna
1019 508 1281 574 nigrantia
1317 509 1452 559 Ditis

222 576 442 640 portitor
477 576 564 625 ille
602 574 806 627 Charon
843 576 1090 627 Thesidae
1126 578 1234 627 fata
1269 578 1500 629 uehebat.

222 645 306 695 hic
342 646 584 695 inmaturi
622 645 708 695 sed
746 646 880 695 enim
918 647 1186 697 miseratus
1225 648 1461 698 acerbum

223 715 313 765 leti
351 715 654 780 supplicium
690 714 1019 781 Neptunique
1058 734 1237 782 aspera
1272 718 1411 767 iussa

225 785 442 851 algentis
482 788 623 835 artus
660 785 830 836 Erebo
866 787 1044 851 procul
1081 787 1262 837 intimo
1301 788 1526 853 abusque

224 855 437 904 suscitat
474 855 636 920 adque
675 855 875 904 animae
911 873 1112 905 rursum
1148 857 1404 922 tepefacta
1441 858 1608 908 calore

221 924 416 974 uiscera
452 924 733 974 mundanas
771 928 980 975 reuocat
1014 926 1292 976 medicator
1327 927 1382 976 in
1418 944 1546 977 oras.

220 1010 325 1044 non
362 994 483 1043 tulit
521 994 838 1059 omnipotens
877 997 991 1044 ortu
1029 995 1265 1060 cuiquam
1302 1000 1541 1062 generato

220 1062 561 1114 Deucalioneo
599 1064 678 1114 fas
718 1080 827 1114 esse
863 1064 1144 1114 nouissima
1178 1065 1289 1115 fata

221 1132 423 1183 uincere
462 1135 512 1183 et
547 1133 802 1184 incassum
840 1134 1102 1184 decurrere
1138 1151 1297 1200 pensa
1335 1152 1564 1186 sororum

221 1219 437 1268 moxque
472 1203 684 1253 trisulca
719 1204 840 1268 polo
877 1204 1127 1254 iaculatus
1163 1204 1379 1255 fulmina
1415 1206 1547 1256 celso

222 1274 272 1321 et
310 1289 459 1337 super
497 1273 661 1322 aeriae
697 1273 907 1323 uibrans
943 1273 1176 1324 incendia
1211 1274 1444 1324 flammae

219 1345 383 1392 morte
420 1346 730 1407 repertorem
767 1343 1046 1393 medicinae
1084 1344 1288 1394 audacis
1325 1345 1379 1393 in
1417 1345 1623 1394 umbras

220 1411 392 1477 deicit,
431 1415 485 1461 at
522 1415 679 1477 gnato
716 1429 957 1477 reparans
997 1413 1186 1463 solacia
1222 1412 1428 1464 Phoebo

221 1497 500 1547 asperaque
538 1482 748 1532 extincti
785 1482 1056 1533 miseratus
1092 1483 1203 1532 fata
1238 1484 1443 1548 nepotis

222 1567 426 1617 surgere
463 1554 716 1602 nocturno
753 1551 896 1601 iubet
931 1553 1065 1601 inter
1103 1553 1269 1602 sidera
1305 1556 1462 1604 motu,

218 1620 301 1670 hic
339 1637 461 1686 ergo
498 1620 718 1686 insignis
757 1621 939 1670 ardens
976 1638 1133 1671 uenas
1173 1621 1477 1688 ophiuchuS,

217 1689 301 1740 hic
337 1690 530 1756 rigidos
569 1692 710 1740 artus
748 1690 942 1741 formae
981 1692 1359 1755 anguitenentis
1397 1692 1590 1743 honore

219 1759 425 1824 arduus,
462 1759 545 1810 hic
580 1762 754 1810 tantos
792 1761 979 1810 umeris
1017 1761 1339 1811 uibrantibus
1376 1762 1521 1828 ignes

219 1829 430 1895 euomit‚
467 1832 544 1894 ut,
580 1830 731 1894 pleno
770 1847 883 1879 cum
920 1830 1043 1880 luna
1079 1831 1287 1881 nitescit
1323 1831 1378 1880 in
1417 1833 1539 1881 orbe

217 1901 576 1963 menstruaque
611 1899 812 1965 ingenti
847 1900 948 1949 iam
986 1903 1220 1966 tempora
1258 1900 1438 1950 diuidit
1475 1904 1611 1966 ortu,

216 1985 540 2034 nequaquam
574 1968 726 2018 lentis
765 1969 1029 2019 obscurior
1065 1987 1126 2020 ex
1162 1971 1350 2020 umeris
1388 1971 1475 2019 lux

216 2041 454 2088 marceat.
527 2040 581 2087 at
618 2039 853 2089 manibus
890 2056 995 2089 non
1032 2056 1223 2104 conpar
1257 2040 1462 2089 flamma
1497 2040 1742 2101 rubescit,

214 2124 334 2156 nam
374 2107 565 2157 suffusa
599 2108 702 2157 leui
738 2109 1064 2174 resplendent
1099 2110 1280 2159 ultima
1316 2110 1447 2174 luce,

326 2290 406 2328 206
432 2287 503 2329 cui
532 2287 591 2329 Ve
614 2300 694 2328 ceu
716 2287 759 2328 A
827 2291 909 2329 208
939 2287 985 2329 in
1009 2288 1146 2342 Styga
1168 2288 1211 2330 A
1233 2287 1284 2329 In
1305 2287 1440 2342 striga
1467 2288 1506 2329 V
1558 2292 1638 2328 210
1656 2287 1811 2350 Cocyti

214 2355 234 2383 e
265 2341 407 2384 Oociti
444 2342 486 2384 V
512 2342 691 2396 Coccyti
720 2344 762 2385 A
849 2347 929 2385 211
955 2344 1143 2397 portitor
1160 2344 1244 2386 'Ae
1272 2343 1464 2386 Portiter
1503 2344 1544 2385 V
1618 2348 1699 2385 213
1730 2343 1810 2385 let1

223 2397 264 2438 V
295 2397 405 2440 loeti
433 2399 477 2439 A
598 2403 679 2440 223
718 2398 854 2441 deicit
890 2400 1057 2441 correxi
1087 2399 1250 2442 Deiicit
1278 2399 1320 2441 A
1351 2399 1525 2442 Deiecit
1562 2399 1603 2441 V
1628 2399 1811 2441 Deiecta

214 2467 234 2495 e
269 2455 284 2507 ΙΙ
320 2455 366 2495 at
401 2455 537 2508 gnato
570 2455 729 2508 scripsi
757 2455 920 2509 agnato
958 2455 1067 2496 VAe
1097 2468 1146 2497 ac
1177 2455 1312 2510 gnato
1341 2468 1366 2497 v
1396 2469 1447 2497 ac
1478 2453 1602 2509 gnati
1631 2454 1811 2497 Grotius

213 2511 268 2560 cf.
292 2509 470 2552 Hermes
502 2510 587 2551 XI
604 2523 651 2563 10.
683 2514 771 2553 249
802 2524 844 2552 n.
870 2514 897 2553 7
979 2514 1060 2552 228
1090 2510 1366 2553 uibrantibus
1396 2510 1460 2553 Ve
1487 2511 1703 2553 uibrantis
1730 2511 1774 2553 A
1795 2511 1809 2566 ΙΙ

211 2565 498 2664 Ξῖἒέρὲἷθῗ
529 2565 1082 2676 (ἕέἐεῖἰζξὲῒέζὶὲἓξίζΐῑ
1120 2566 1441 2676 νῗέξὲὲἳῖὓῗ
1465 2580 1490 2609 ²²
1508 2566 1809 2676 {32025523011221

214 2675 318 2717 dent
356 2676 398 2717 V
421 2677 692 2730 respondent
720 2677 763 2719 A
794 2677 1072 2731 resplendeat
1101 2692 1121 2720 e
