1916 2944
804 108 1105 157 ..7-

166 218 315 285 pigra
353 220 494 268 tenet
529 216 705 285 gyros)
741 234 903 283 neque
940 235 1030 268 ceu
1066 218 1244 269 molita
1279 235 1553 284 parumper

63 301 136 338 135
165 288 385 337 flectitur
422 289 510 337 aut
543 286 691 337 tardo
729 287 931 337 cohibet
969 289 1288 338 cunctamina
1323 288 1485 352 lapsu.

169 357 382 422 denique
420 355 642 406 Sidoniis
681 356 782 406 dux
818 359 897 408 est
933 355 1199 423 Cynosura
1235 357 1441 408 carinis:

167 426 352 476 rectior
387 426 581 475 undoso
619 442 793 476 cursus
832 427 1056 477 sulcatur
1090 427 1145 476 in
1183 430 1339 477 aestu.

235 495 376 545 Inter
411 498 680 560 utramque
717 495 896 546 dehinc
932 496 1180 561 praeclari
1216 495 1438 547 nominis
1477 496 1677 559 arcton,

168 581 258 614 ceu
295 564 615 614 circumflexo
654 565 918 615 sinuantur
954 566 1165 615 fiumina
1201 567 1371 630 laPSU,

59 646 136 683 140
168 650 488 698 squammeus
499 650 684 713 agmen
694 650 849 700 agens
860 634 891 684 d
899 652 925 684 r
934 653 964 684 a
973 652 999 685 c
1009 652 1038 685 o
1054 635 1279 685 uoluitur
1287 634 1448 700 adque
1458 633 1569 683 obit
1578 633 1755 683 ambas

169 703 418 768 spirarum
455 704 624 753 curuis
662 703 987 754 anfractibus.
1058 704 1192 754 hunc
1229 720 1448 769 quoque,
1484 705 1542 752 ut
1578 705 1719 752 artus

166 773 368 838 longius
407 772 621 823 effusum
659 773 885 837 spatiosa
920 774 1182 823 uolumina
1217 773 1456 837 tendunt,

167 845 370 906 compta
405 840 677 907 Lycaoniis
714 842 980 892 includunt
1014 843 1244 907 plaustra
1281 841 1490 892 choreis.

169 928 267 976 qua
304 914 458 975 caput
494 914 572 961 est
607 910 834 976 Helices,
870 911 1092 962 fundunt
1129 929 1240 961 sese
1277 911 1459 961 ultima
1495 909 1711 960 monstri

59 992 137 1030 145
169 980 375 1046 agmina
412 983 463 1030 et
497 980 593 1030 hac
631 982 757 1031 caeli
791 981 879 1030 uix
916 982 1077 1032 cauda
1111 982 1166 1030 in
1203 984 1346 1047 parte
1385 979 1612 1046 quiescit.

169 1050 348 1114 altera,
386 1067 485 1114 qua
523 1051 689 1115 spirae
728 1050 866 1100 sinus
904 1053 1001 1116 est,
1039 1051 1254 1101 sublime
1291 1049 1493 1114 reponit

169 1119 374 1170 uerticis
412 1122 463 1168 et
499 1136 654 1169 curuo
693 1136 783 1169 ceu
820 1121 1150 1170 circumclusa
1187 1121 1400 1170 dracone

167 1188 222 1238 in
259 1188 465 1238 dorsum
502 1189 708 1238 alterius
747 1190 897 1240 dorso
935 1190 1079 1240 iacet.
1153 1189 1333 1256 anguis
1371 1189 1437 1239 ob
1475 1205 1563 1238 ora

170 1258 387 1308 uertitur
424 1275 482 1321 ac
518 1258 670 1325 longe
706 1261 1018 1323 postremam
1054 1259 1226 1324 lapsus
1263 1259 1317 1308 in
1355 1260 1532 1307 arcton

60 1337 139 1375 150
169 1344 370 1377 rursum
405 1327 610 1377 maioris
646 1329 833 1392 repetit
868 1329 1088 1378 confinia
1126 1329 1273 1395 signi.

168 1413 260 1446 nec
297 1413 427 1461 quae
465 1396 614 1446 stella
650 1401 803 1462 caput
837 1398 1155 1447 flammarum
1191 1397 1404 1462 insignit
1439 1396 1654 1459 honore,

171 1466 281 1516 sola
316 1466 472 1515 micat
509 1467 683 1516 solaue
719 1467 906 1516 rubent
940 1467 1174 1517 incendia
1211 1467 1386 1531 crista,

171 1535 258 1584 sed
296 1537 496 1585 saetosa
534 1535 719 1600 duplex
757 1537 928 1587 adolet
964 1537 1062 1586 duo
1099 1539 1332 1601 tempora
1366 1535 1536 1600 fulgor

171 1607 222 1654 et
258 1605 354 1654 duo
393 1605 485 1654 sub
524 1605 741 1671 geminis
780 1606 912 1656 oculi
947 1606 1234 1671 fulgoribus
1273 1604 1465 1655 ardent.

63 1685 141 1724 155
172 1673 350 1723 unicus
387 1674 522 1739 ignis
559 1675 681 1724 item
718 1678 888 1725 mento
927 1678 1126 1725 aestuat
1160 1676 1373 1740 ipsaque
1410 1674 1575 1724 forma

170 1744 396 1809 uerticis,
433 1744 487 1792 in
523 1747 703 1794 nutum
740 1745 898 1794 ueluti
935 1747 1146 1795 curuata
1181 1761 1474 1809 parumper,

169 1830 268 1878 qua
302 1829 391 1878 per
429 1812 684 1864 dimensos
723 1814 995 1864 dimittitur
1032 1814 1159 1864 ordo·
1190 1816 1410 1878 meatus,

4 1424 22 1524 ’ἓ

280 1995 362 2032 134
390 1991 547 2034 molita
575 1991 647 2034 Ae
675 1991 851 2035 mollita
887 1992 929 2033 V
1013 1997 1091 2035 136
1123 1991 1312 2045 denique
1350 1991 1461 2033 VAe
1488 1990 1679 2044 indeque
1702 1991 1761 2032 N.

167 2046 379 2088 Heinsius
413 2048 428 2099 fl
464 2047 552 2089 dux
588 2049 656 2090 est
691 2061 716 2090 v
761 2049 894 2090 ducet
937 2048 996 2091 Ve
1038 2048 1157 2091 lucet
1193 2049 1237 2090 A
1383 2051 1459 2094 137
1501 2045 1663 2089 rectior
1706 2046 1763 2088 Ve

166 2101 305 2144 rarior
333 2102 377 2144 A
479 2107 558 2145 138
590 2105 742 2146 arcton
771 2104 814 2145 A
845 2106 992 2146 arecto
1031 2104 1073 2145 V
1099 2105 1220 2146 arcto
1250 2117 1270 2146 e
1376 2107 1455 2143 140
1486 2114 1763 2154 squammeus

167 2171 192 2199 v
224 2157 415 2210 Squams
445 2158 487 2199 V
514 2160 754 2211 Squameus
785 2159 856 2201 Ae
877 2161 893 2213 ΙΙ
914 2160 1066 2201 ambas
1095 2174 1116 2201 e
1144 2172 1221 2202 om.
1262 2159 1343 2201 VA
1431 2162 1508 2200 141
1545 2156 1763 2211 spirarum

177 2213 236 2255 Ve
272 2213 509 2268 spissarum
538 2217 581 2256 A
609 2217 624 2268 ΙΙ
654 2217 705 2257 ut
742 2215 852 2257 VAe
881 2215 958 2257 ubi
990 2214 1168 2258 Grotius
1197 2215 1251 2267 cf.
1282 2215 1460 2257 Hermes
1492 2214 1574 2254 XI
1594 2226 1641 2266 p.
1673 2217 1763 2255 248

167 2282 211 2310 n.
243 2272 269 2311 5
290 2270 305 2323 ΙΙ
327 2270 447 2312 artus
484 2270 542 2312 Ve
570 2272 724 2313 arcton
753 2272 926 2324 (deleuit
953 2283 1108 2313 manus
1137 2271 1181 2324 1)
1213 2270 1366 2312 arcton
1395 2270 1438 2310 A
1583 2273 1662 2310 143
1699 2268 1762 2310 in—

170 2324 354 2366 cludunt
384 2325 442 2367 Ve
471 2324 687 2368 inducunt
708 2327 751 2367 A
826 2331 906 2368 144
935 2326 1122 2369 monstri
1150 2326 1210 2368 Ve
1237 2326 1436 2368 monstra
1458 2325 1500 2365 A
1570 2327 1650 2365 145
1681 2324 1765 2365 hac

169 2381 241 2467 Ae
276 2393 329 2467 ac
367 2381 408 2422 V
439 2383 454 2435 ΙΙ
489 2380 565 2423 uix
602 2382 743 2424 cauda
779 2396 799 2424 e
835 2382 1026 2424 uixanda
1059 2381 1102 2424 V
1133 2381 1320 2424 'uisanda
1347 2381 1390 2422 A
1427 2382 1443 2434 ss
1479 2377 1669 2433 quiescit
1706 2379 1765 2421 Ve

170 2444 191 2467 8,
212 2459 220 2466 .
253 2445 286 2467 cl

170 2480 325 2530 qescfit
352 2478 396 2519 A
484 2483 562 2520 148
596 2479 651 2520 ob
681 2493 758 2522 ora
786 2480 829 2521 A
860 2480 996 2522 obora
1033 2479 1074 2521 V
1101 2479 1155 2521 ab
1187 2491 1264 2521 ora
1293 2492 1313 2520 e
1343 2479 1396 2529 cf.
1421 2477 1600 2519 Hermes
1625 2476 1769 2517 XIII

163 2545 212 2585 p.
243 2536 329 2576 357
357 2547 400 2575 π.
432 2537 488 2575 34
619 2539 695 2577 151
727 2548 811 2577 nec
840 2548 952 2588 quae
982 2536 1054 2577 Ae
1083 2533 1220 2587 Necq:
1259 2534 1300 2574 V
1430 2536 1509 2574 153
1541 2533 1717 2574 saetosa
1746 2545 1767 2573 e

171 2588 315 2630 setosa
351 2588 392 2630 V
418 2602 463 2631 se
494 2603 597 2632 cosa
625 2591 667 2631 A
757 2595 835 2633 155
867 2593 1015 2632 mento
1055 2590 1113 2632 Ve
1142 2588 1301 2632 merito
1332 2589 1376 2630 A
1405 2590 1418 2642 ΙΙ
1448 2589 1621 2630 aestuat
1649 2588 1767 2641 ipsa-

171 2669 256 2708 que
286 2657 357 2700 Ae
387 2657 571 2714 estuatis
602 2672 698 2712 saq;
744 2660 785 2702 V
898 2665 976 2702 157
1008 2658 1248 2701 dimittitur
1286 2659 1344 2701 Ve
1374 2646 1471 2701 tent
1501 2659 1543 2699 A
