1916 2944
818 104 1154 154 ‚47-

23 246 26 255 ·
54 223 160 263 1135
190 212 394 278 longior
429 214 782 280 extremaeque
818 215 992 279 polum
1029 215 1167 265 subit
1201 215 1379 283 indiga
1415 216 1626 283 caudae,

192 300 346 332 curua
383 281 495 333 Ghii
532 283 670 333 caelo
708 301 823 334 cum
861 286 1078 350 surgunt
1111 285 1323 336 brachia
1360 286 1506 352 signi.

188 352 382 417 inspice
420 369 510 402 ceu
549 352 725 403 dextra
760 353 1008 404 referatur
1047 355 1110 403 ab
1149 355 1352 404 aethere
1388 356 1566 421 planta

187 422 339 487 inque
376 438 509 487 genu
544 424 746 472 tantum
782 423 928 473 nixus
965 424 1090 488 pede
1125 424 1354 488 proferat
1390 427 1570 476 ortum.

187 491 283 540 iste
320 492 459 556 lyrae
494 492 673 541 rutilat
709 493 1048 543 conterminus
1087 493 1248 559 adque
1286 494 1378 543 sub
1416 494 1566 544 undis

15 576 25 611 4ε
53 571 158 609 1140
190 560 272 610 hic
309 561 532 611 tenebris
569 561 700 626 petit
737 562 933 612 occidui
969 563 1101 612 uada
1139 563 1340 613 caerula
1375 563 1521 628 ponti

189 633 240 679 et
278 647 396 680 mox
433 629 634 680 Oceano
671 633 934 696 reparatur
971 632 1133 682 clarus
1172 649 1278 683 eoo,

187 715 301 749 cum
340 699 498 750 chelis
535 700 694 766 igitur
728 701 855 765 pede
892 703 1092 750 tantum
1127 702 1380 765 promitur
1415 718 1531 752 uno.

186 768 296 832 ipse
334 769 513 820 dehinc
550 787 727 820 uersus
763 771 941 836 procul
977 771 1030 820 in
1068 773 1220 835 caput
1254 771 1434 820 ultima
1470 773 1686 821 monstri

186 840 333 904 terga
370 842 565 904 manet,
602 842 793 904 manet,
831 840 1156 904 arquitenens
1194 839 1312 889 dum
1351 840 1547 904 spicula
1584 842 1727 892 caelo

43 902 154 957 '1145
186 910 358 957 exerat
395 911 445 958 et
483 925 665 973 supera
700 909 868 959 uibret
903 909 1121 959 bellator
1156 910 1211 958 in
1248 909 1437 959 aethra.

41 978 43 998 t
183 977 279 1027 hoc
318 977 455 1028 sidus
493 978 743 1028 reuehunt
779 978 972 1043 chelae3
1010 995 1123 1029 crus
1162 978 1388 1043 scorpius
1425 979 1554 1044 ipse,

184 1049 351 1097 cetera
387 1064 501 1097 cum
538 1048 726 1113 medio,
762 1049 963 1098 laeuam
1001 1051 1053 1098 et
1090 1050 1243 1113 caput
1281 1065 1466 1114 oraque
1506 1066 1706 1099 sursum

184 1132 329 1166 arcus
369 1117 488 1182 agit.
561 1117 725 1167 tribus
763 1118 846 1167 hic
883 1118 1089 1168 tandem
1127 1119 1434 1167 remorantia
1472 1120 1706 1170 membra

182 1185 413 1250 partibus
452 1187 683 1252 erigitur,
720 1186 820 1236 tria
856 1189 1024 1237 totum
1062 1187 1275 1252 denique
1313 1187 1462 1253 signa

16 1278 19 1290 ι
49 1267 151 1305 150
183 1255 456 1305 absoluunt
490 1256 687 1322 pelago.
759 1257 954 1306 mediae
990 1259 1100 1307 tum
1138 1259 1273 1306 serta
1310 1274 1525 1307 coronae

182 1327 233 1373 et
270 1342 397 1390 quae
435 1323 689 1375 Centauro
727 1326 1023 1375 diffunditur
1061 1326 1248 1375 extima
1286 1326 1466 1390 cauda,

178 1393 342 1458 prima
378 1396 616 1444 uenenati
653 1412 766 1445 cum
803 1397 985 1460 repunt
1020 1395 1230 1444 brachia
1266 1395 1501 1459 monstri,

181 1466 397 1530 surgunt
434 1463 620 1514 Oceani
657 1464 759 1513 iam
797 1464 1011 1530 gurgite.
1085 1466 1136 1513 et
1171 1465 1352 1514 ultima
1389 1465 1541 1530 cygni

181 1535 232 1581 et
268 1535 422 1598 caput
459 1533 587 1583 acris
626 1534 742 1599 equi
778 1534 966 1598 premit
1002 1550 1234 1599 aequora.
1306 1534 1408 1582 iam
1445 1534 1623 1598 procul
1660 1533 1760 1584 ista

5 1615 8 1619 '
71 1614 148 1652 155
180 1603 445 1653 marmoris
483 1603 675 1653 occidui
710 1603 913 1668 penitus
950 1604 1141 1668 petiere
1178 1603 1507 1668 profundum,

178 1671 365 1721 hausta
402 1673 523 1723 salo.
582 1675 734 1738 caput
766 1672 1119 1722 Andromedae
1156 1672 1289 1722 freta
1324 1674 1474 1746 uasta
1509 1675 1774 1738 receptant

179 1758 238 1791 ac
273 1740 603 1792 formidatam
641 1742 821 1792 deuexi
858 1742 1060 1792 cardine
1097 1742 1272 1791 mundi

178 1810 435 1877 fluctigeni
473 1812 689 1877 speciem
727 1812 944 1861 monstri
983 1829 1135 1877 super
1171 1811 1364 1861 inuehit
1402 1814 1590 1862 auster.

180 1880 267 1930 sed
302 1881 485 1930 boreae
523 1881 583 1931 de
619 1884 764 1946 parte
801 1881 960 1931 trucis
997 1881 1139 1931 uelut
1175 1897 1359 1947 aggere
1398 1883 1461 1931 ab
1503 1882 1606 1932 alto

293 2049 398 2087 1135
430 2047 738 2098 extremaeque
762 2046 804 2087 A
834 2046 1114 2099 extremeque
1147 2046 1187 2087 V
1205 2047 1219 2099 ΙΙ
1240 2045 1392 2098 indiga
1421 2058 1446 2086 v
1477 2045 1624 2088 indica
1656 2047 1774 2090 VAe

181 2105 287 2142 1136
327 2114 425 2142 cum
462 2103 646 2155 surgunt
676 2100 854 2143 Grotius
890 2102 1158 2155 consurgunt
1195 2101 1277 2142 VA
1304 2102 1318 2155 ΙΙ
1350 2100 1464 2154 signi
1493 2102 1536 2142 A
1571 2101 1697 2156 signa
1735 2103 1776 2144 V

180 2161 286 2198 1139
311 2157 432 2210 lyrae
456 2156 499 2198 A
520 2157 614 2210 lyre
647 2157 687 2198 V
745 2161 851 2198 1140
881 2157 997 2199 uada
1021 2157 1255 2199 Schraderi
1284 2158 1608 2199 commentarius
1629 2158 1770 2200 Berol.

177 2211 500 2255 Schaubachius
527 2226 644 2266 uaga
681 2212 723 2253 V
748 2212 853 2267 iuga
882 2213 925 2254 A
1041 2217 1148 2255 1146
1178 2213 1262 2254 hoc
1290 2212 1333 2253 A
1362 2212 1472 2254 haec
1511 2213 1552 2253 V
1569 2214 1584 2266 ΙΙ
1606 2226 1704 2255 crus
1737 2214 1776 2255 V

176 2269 277 2310 trux
306 2268 348 2309 A
370 2269 385 2321 ΙΙ
413 2268 506 2322 ipse
545 2269 586 2310 V
611 2268 707 2322 ipso
736 2269 780 2309 A
896 2271 1003 2309 1148
1033 2267 1302 2311 remorantia
1329 2268 1372 2309 A
1403 2268 1581 2310 Grotius
1609 2283 1773 2311 memo—

177 2323 322 2365 rantia
360 2324 402 2365 V
512 2327 618 2366 1151
657 2325 703 2366 et
739 2337 851 2377 quae
882 2324 1062 2366 Grotius
1090 2324 1241 2377 Exque
1280 2323 1360 2365 VA
1390 2324 1404 2376 ΙΙ
1435 2323 1597 2366 extima
1635 2324 1676 2365 V
1708 2325 1773 2366 ul-

176 2378 287 2420 tima
315 2380 359 2420 A
476 2383 582 2421 1152
614 2380 821 2422 uenenati
850 2380 892 2421 A
924 2392 1095 2422 uenena
1132 2380 1173 2421 V
1284 2382 1392 2421 1153
1426 2379 1590 2421 Oceani
1618 2381 1775 2434 scripsi

178 2435 231 2486 cf.
262 2447 306 2476 u.
335 2437 420 2478 430
448 2448 507 2489 sq.
534 2434 708 2478 Oceano
741 2435 821 2477 VA
843 2436 858 2489 ΙΙ
880 2435 1054 2489 gurgite
1084 2449 1109 2478 v
1139 2448 1298 2490 gurges
1330 2435 1411 2476 VA
1429 2448 1449 2476 e
1520 2439 1628 2477 1154
1658 2437 1773 2477 acris

179 2490 1246 2609 dggmgdssgrisSffqucsstgffiisqussecffptanss152?
1276 2490 1773 2599 Andlrlogngezssicssffisnv

175 2601 325 2698 {pecie
364 2601 482 2699 {Ae
509 2605 524 2656 ΙΙ
554 2616 683 2657 super
712 2602 882 2646 inuehit
910 2603 953 2645 A
983 2602 1236 2657 supinhueit
1273 2601 1315 2644 V
1402 2605 1510 2644 1159
1540 2602 1701 2645 boreae
1730 2602 1772 2644 A

207 2669 334 2714 oraee
