1916 2944
845 109 1188 158 „71—

228 221 458 271 conuenit
494 237 553 270 ac
588 236 810 284 rursum,
847 236 962 269 cum
998 219 1215 284 perfurit
1251 218 1381 267 aeris
1418 217 1619 282 horror,

227 287 433 355 inspice,
471 306 623 356 quam
659 288 886 339 referant
921 290 1071 339 terris
1108 288 1389 354 pelagoque
1426 288 1661 353 quietem.

40 399 42 401 .
88 369 196 408 1735
226 357 358 406 inter
388 360 553 426 prima
587 362 759 408 tamen
798 377 1014 424 paruum
1050 374 1293 424 praesepe
1330 359 1555 422 notatur,
1833 370 1896 401 41⁰

227 426 411 476 arduus
445 429 643 479 excelso
682 429 816 494 quod
854 445 1035 479 cancer
1073 427 1275 478 cardine
1311 426 1491 477 uoluit.

223 496 341 562 hoc,
379 513 487 547 cum
527 501 791 549 concretus
829 499 1030 548 tenuari
1067 497 1289 562 coeperit
1327 513 1431 561 aer,

224 566 431 616 discutit
467 566 717 631 inpositae
754 569 857 618 late
896 568 995 618 sibi
1031 568 1182 618 molis
1222 566 1478 616 amictum.

223 653 441 700 namque
479 638 738 687 sereniferi
774 641 917 702 patet
952 637 1050 687 hoc
1086 637 1142 686 in
1177 635 1338 686 flabra
1375 635 1627 700 aquilonis

87 717 194 756 1740
226 706 509 756 comminus
547 709 606 769 etn
631 707 797 772 primo
835 710 1082 773 purgatur
1118 706 1322 756 flamine
1358 706 1499 754 uenti
1834 718 1898 750 415

223 777 467 840 tempore.
538 778 649 824 tum
683 778 946 842 proprium
982 776 1273 827 modulatur
1307 778 1496 825 noctua
1534 790 1756 838 carmen,

221 847 332 894 tum
367 845 716 909 uespertinum
750 846 923 897 cornix
957 847 1209 911 longaeua
1243 845 1479 909 resultat,

222 918 333 963 tum
371 915 510 964 corui
546 916 798 979 crepitant
834 919 886 966 et
921 918 1134 966 ouantes
1173 916 1380 982 gutture
1415 931 1567 963 rauco

222 984 431 1050 agmina
467 985 643 1034 crebra
679 989 888 1051 uocant,
923 988 1032 1035 tum
1069 987 1194 1035 nota
1229 984 1415 1035 cubilia
1450 984 1574 1033 laeti

86 1065 191 1105 1745
223 1054 498 1104 succedunt
534 1054 744 1119 pariter,
780 1058 890 1105 tum
925 1055 1095 1120 pinnis
1133 1071 1345 1119 corpora
1381 1053 1642 1119 plaudunt.
1835 1066 1901 1098 420

290 1123 434 1174 Tunc
471 1126 521 1173 et
559 1122 881 1189 Strymonias
918 1125 1326 1175 circumuolitare
1363 1126 1570 1188 repente

221 1194 463 1259 suspicies
500 1210 590 1259 per
628 1198 804 1259 aperta
841 1210 1012 1260 grueS‚
1047 1194 1136 1244 ubi
1172 1193 1346 1243 mitior
1383 1210 1544 1243 annus

221 1266 403 1328 sponte
440 1263 782 1328 procellosum
819 1264 1072 1314 disiecerit
1111 1280 1228 1313 aera
1265 1263 1418 1314 caelo.

218 1336 341 1383 tune
376 1349 590 1398 quoque,
627 1349 739 1382 cum
777 1334 936 1383 stellis
973 1333 1129 1383 hebes
1167 1336 1246 1383 est
1281 1333 1368 1382 lux
1405 1332 1642 1382 omnibus
1679 1332 1814 1381 ultro

4 1421 5 1424 ¹
50 1414 189 1454 1750
218 1403 396 1452 nubila
430 1419 523 1452 nec
559 1419 759 1453 crassos
797 1402 1171 1453 circumduxere
1209 1405 1426 1466 meatus,
1835 1413 1901 1445 425

37 1435 47 1537 t
219 1475 277 1522 ut
312 1472 459 1522 iubar
497 1472 784 1522 occulerent
818 1472 1154 1538 flagrantibus
1193 1471 1346 1522 obuia
1379 1471 1620 1537 flammis,

40 1538 47 1600 ξ
219 1559 313 1592 1100
350 1542 515 1607 caligo
553 1542 753 1592 inhibet
788 1542 1047 1592 rutilantis
1084 1541 1349 1606 lampados
1387 1541 1543 1606 ignis,

222 1612 341 1662 orbe
377 1628 472 1661 nec
510 1612 707 1676 expleto
746 1629 891 1662 sacra
929 1612 1098 1661 sidera
1133 1612 1255 1660 luna
1290 1610 1536 1675 retundit,

30 1635 49 1747 i
221 1682 308 1732 sed
345 1681 447 1731 iam
486 1684 668 1746 sponte
707 1699 798 1731 sua
835 1681 1097 1731 stellarum
1133 1681 1327 1730 lumina
1364 1682 1612 1730 marcent:

29 1748 45 1836 ,ξ
84 1763 190 1803 1755
221 1751 463 1802 conuenit
497 1750 741 1801 hibernae
778 1767 1108 1816 praenoscere
1146 1751 1272 1800 dura
1306 1750 1575 1815 procellae.
1841 1763 1904 1795 430

28 1835 46 1877 ‘t
222 1821 402 1871 nubila
440 1821 483 1870 si
522 1821 662 1870 caelo
700 1821 998 1886 consistere,
1033 1820 1212 1870 nubila
1247 1820 1371 1870 ferri

28 1884 43 2051 ἰ
223 1892 366 1957 sique
404 1890 702 1956 superfundi
739 1891 943 1941 sibimet
979 1890 1266 1956 suspexeris
1303 1891 1461 1954 ultr0,

341 2117 450 2155 1734
479 2111 675 2154 referant
703 2125 723 2153 e
752 2112 972 2154 refrenent
1000 2112 1043 2152 A
1124 2115 1232 2154 1735
1261 2124 1448 2165 paruum
1477 2124 1498 2153 e
1526 2123 1713 2163 prauum
1742 2110 1785 2152 A
1807 2109 1820 2165 ΙΙ

225 2181 438 2222 praesepe
467 2180 492 2210 v
522 2170 783 2221 praespecta
810 2169 890 2209 Ae
970 2171 1076 2210 1737
1107 2167 1192 2209 hoc
1221 2181 1241 2209 e
1269 2167 1354 2209 hac
1383 2167 1427 2208 A
1501 2171 1609 2209 1738
1639 2165 1767 2208 molis
1797 2179 1820 2207 v

224 2224 370 2266 mollis
407 2224 450 2266 A
466 2238 487 2266 e
604 2227 711 2266 1740
757 2223 996 2265 comminus
1041 2223 1274 2277 (cominus)
1312 2222 1490 2265 Grotius
1529 2222 1637 2264 Cum
1676 2221 1820 2263 minus

225 2281 268 2322 A
297 2282 311 2333 ΙΙ
339 2281 554 2334 purgatur
583 2293 604 2322 e
632 2281 876 2333 purgantur
905 2280 948 2320 A
1036 2284 1143 2321 1741
1173 2280 1270 2320 tum
1299 2278 1340 2319 L
1370 2293 1469 2321 cum
1494 2279 1537 2320 A
1559 2279 1574 2330 ΙΙ
1595 2277 1821 2331 proprium

225 2336 404 2378 Grotius
432 2336 613 2400 propior
642 2335 686 2376 A
715 2335 892 2388 proprio
922 2335 963 2376 L
1047 2348 1090 2377 u
1124 2338 1237 2378 1743
1265 2347 1343 2377 om.
1374 2334 1418 2376 A
1499 2338 1605 2376 1743
1637 2333 1820 2376 ouantes

225 2392 266 2433 L
295 2391 474 2434 ouantia
503 2405 523 2434 e
618 2396 726 2433 1744
754 2392 850 2432 tum
879 2390 952 2432 Le
979 2390 1052 2432 uel
1081 2391 1125 2432 A
1212 2394 1319 2432 1745
1350 2389 1495 2444 pinnis
1523 2389 1567 2430 A
1595 2389 1751 2443 pennis
1780 2389 1822 2430 L

229 2452 335 2489 1746
373 2447 648 2500 Strymonias
684 2447 761 2488 Le
799 2445 1048 2499 Strymonia
1082 2447 1126 2488 A
1243 2450 1348 2488 1747
1386 2446 1540 2499 aperta
1572 2445 1616 2487 A
1652 2447 1750 2487 arta
1778 2445 1820 2485 L

229 2508 334 2545 1751
368 2504 617 2547 occulerent
645 2502 932 2556 flagrantibus
954 2503 998 2543 A
1029 2503 1257 2544 occurrent
1285 2501 1579 2556 fraglantibus
1602 2501 1644 2542 L
1715 2505 1820 2543 1752

225 2558 340 2613 ignis
369 2559 410 2600 L
437 2559 562 2613 ignes
593 2559 636 2600 A
724 2562 831 2600 1753
863 2570 988 2599 sacra
1017 2557 1159 2600 sidera
1187 2557 1264 2599 Le
1292 2571 1387 2599 saes
1468 2558 1627 2610 sydera
1655 2557 1698 2599 A
1720 2559 1821 2611 1110-

227 2614 374 2656 tundit
402 2614 443 2655 L
470 2615 672 2656 recundit
701 2615 743 2655 A
824 2618 934 2656 1754
963 2614 1190 2656 stellarum
1221 2612 1299 2655 Le
1328 2613 1481 2655 stellas
1490 2572 1561 2655 yut
1589 2613 1632 2654 A
1713 2616 1823 2655 1755

228 2671 338 2713 dura
368 2671 410 2712 A
442 2669 568 2724 signa
596 2671 635 2711 L
752 2674 859 2712 1757
891 2670 1134 2723 suspexeris
1163 2669 1245 2712 Lv
1276 2669 1518 2723 suspexerit
1546 2668 1588 2711 A
1605 2681 1625 2711 e
