1916 2944
57 252 138 290 925

56 599 138 637 930

57 946 138 984 935

58 1294 140 1332 940

59 1641 140 1680 945

57 1990 138 2029 950

791 130 1133 180 -39-

168 241 413 307 pigraque
451 257 504 290 se
540 241 787 306 referunt,
825 239 967 291 sedes
1005 242 1187 292 sortita
1222 242 1438 306 prioreS‚

169 310 352 361 omnia.
424 327 529 360 non
565 311 683 359 illas
722 309 907 360 animis
945 311 1222 361 audacibus
1260 326 1404 377 ergo,

169 380 390 430 carmine
426 397 530 430 non
567 396 715 430 caeco
753 380 1131 445 temptabimus
1203 379 1300 430 hoc
1339 379 1463 430 satis
1499 396 1656 431 unum

167 466 311 499 musa
347 449 494 514 mihi,
532 450 655 499 satis
692 449 789 499 hoc
824 450 968 515 longi
1004 450 1150 500 labor
1188 450 1348 515 egerit
1384 450 1519 515 aeui,

168 519 212 568 si
248 518 523 568 defixarum
560 536 734 568 cursus
773 522 824 568 et
860 519 1008 585 signa
1043 521 1280 569 retexam.

239 587 490 646 Quattuor
526 589 689 638 aerios
726 605 881 638 zonae
919 589 1118 639 cinxere
1154 592 1374 654 meatuS‚

169 660 410 723 quattuor
445 657 540 707 has
578 675 752 709 cursus
791 660 842 707 et
876 660 1109 722 tempora
1145 675 1295 708 nosse
1331 658 1590 708 uolentem

169 727 294 777 scire
333 729 413 776 sat
451 730 540 777 est.
614 728 735 793 quin
773 727 920 793 signa
957 728 1111 777 etiam
1149 730 1267 778 sunt
1304 730 1546 793 quattuor
1581 728 1697 778 istis

167 797 404 862 plurima,
443 814 569 862 quae
606 797 745 847 zonis
780 797 1046 847 haerentia
1083 796 1475 847 conuoluuntur.

167 867 310 930 ipsae
346 866 649 917 inconcussa
684 866 968 916 retinentur
1004 867 1119 917 sede
1157 884 1248 932 per
1286 883 1447 916 annos

170 938 443 1001 mutuaque
479 937 708 1001 inplexae
747 936 951 986 sibimet
987 937 1242 987 consortia
1278 936 1531 1001 mordent,

172 1008 225 1055 at
262 1006 440 1055 modus
476 1005 532 1055 in
567 1006 704 1055 binis
741 1005 1074 1071 protenditur.
1146 1022 1298 1056 aurea
1333 1006 1471 1070 pepli

172 1075 336 1124 sidera
371 1076 610 1126 nocturni
647 1076 689 1124 si
727 1078 1014 1140 suspectare
1050 1076 1232 1125 libebit

169 1161 260 1194 nec
298 1145 535 1195 scindunt
571 1145 791 1195 medium
827 1145 1083 1195 Phoebeia
1118 1145 1312 1194 lumina
1348 1161 1595 1209 mensem,

171 1214 416 1280 langueat
452 1217 510 1264 ut
546 1215 706 1265 stellis
745 1215 938 1280 species
976 1215 1150 1278 hebes,
1188 1214 1360 1264 omnia
1397 1215 1524 1264 caeli

171 1283 478 1334 inlustrante
516 1284 609 1333 dea
647 1301 706 1334 ac
742 1284 973 1334 flammas
1012 1286 1284 1349 superante
1320 1284 1564 1349 minores,

171 1353 294 1402 orbe
332 1354 419 1403 sed
454 1353 582 1403 haut
616 1354 768 1417 pleno
807 1353 930 1403 sinit
966 1354 1074 1418 igni
1109 1353 1304 1403 feruere
1342 1357 1491 1404 acuto

170 1421 354 1473 sidera:
393 1423 655 1473 candentis
695 1423 915 1488 speciem
952 1439 1103 1487 super
1138 1423 1330 1487 inspice
1366 1423 1549 1472 lactis

169 1492 403 1556 protendi
441 1493 594 1543 caelo.
668 1493 809 1542 color
845 1492 935 1542 olli
972 1508 1158 1542 nomen
1196 1492 1259 1542 ab
1297 1494 1413 1541 ortu

169 1561 457 1627 primigeno
496 1562 690 1612 statuit.
762 1562 835 1611 sic
872 1579 1051 1611 zonam
1087 1561 1299 1611 Graecia
1337 1560 1517 1611 sollers

172 1632 511 1695 concelebrat,
547 1633 725 1682 nostro
765 1631 836 1681 sic
873 1632 1072 1680 balteus
1112 1647 1195 1680 ore
1232 1633 1456 1681 notatur.

171 1718 277 1750 non
313 1701 401 1751 isti
437 1702 604 1751 forma
641 1701 822 1750 similis
860 1701 1102 1750 similisue
1141 1701 1308 1750 colore

171 1771 386 1820 circulus
424 1774 502 1821 est
539 1771 689 1836 alius,
727 1770 907 1820 modus
946 1772 997 1819 et
1032 1787 1271 1820 mensura
1309 1770 1504 1820 duobus

171 1843 250 1889 est
287 1858 476 1905 conpar
514 1841 658 1905 solis,
697 1840 824 1890 alios
862 1840 961 1890 duo
999 1840 1202 1904 parcior
1238 1842 1373 1890 artat

171 1909 308 1960 linea
342 1927 435 1960 nec
472 1911 634 1960 multa
670 1910 830 1960 trahit
865 1910 994 1959 istos
1032 1909 1255 1960 ambitus
1293 1909 1483 1959 aethra.

239 1979 436 2030 Horum
474 1981 624 2043 alius,
662 1980 773 2029 duri
811 1996 910 2044 qua
947 1979 1158 2029 soluunt
1193 1979 1356 2028 flabra
1392 1979 1655 2044 aquilones

171 2052 222 2099 et
259 2067 357 2115 qua
393 2050 732 2115 praecipitant
767 2049 994 2099 borealia
1029 2048 1238 2098 flamina
1275 2066 1406 2114 sese,

283 2190 364 2228 925
408 2187 531 2229 sedes
576 2187 620 2228 A
663 2186 763 2228 sede
816 2186 857 2226 V
975 2190 1054 2228 927
1099 2185 1415 2240 temptabimus
1459 2186 1746 2239 (tentabimus

172 2241 350 2284 Grotius
385 2243 700 2296 temptauimus
745 2242 825 2283 VA
939 2256 980 2283 u.
1013 2244 1099 2284 930
1135 2242 1390 2284 inscribitur
1420 2240 1647 2284 CIRCVLI
1684 2243 1765 2284 VA

172 2302 251 2339 931
290 2298 370 2339 has
413 2298 455 2339 V
484 2300 563 2340 hos
599 2299 641 2340 A
778 2301 858 2339 935
902 2296 1105 2351 inplexae
1150 2297 1375 2354 (implexe)
1420 2298 1463 2339 A
1506 2297 1684 2351 inplexa
1729 2298 1772 2339 V

172 2357 253 2395 938
283 2354 486 2395 scindunt
522 2354 564 2395 V
589 2354 785 2396 condunt
813 2353 856 2394 A
877 2354 892 2406 ΙΙ
914 2353 1136 2396 Phoebeia
1164 2367 1184 2395 e
1213 2353 1411 2395 Phobeia
1449 2353 1489 2394 V
1513 2353 1694 2395 Plebeia
1722 2354 1765 2395 A

173 2413 253 2451 939
284 2409 496 2464 langueat
523 2411 574 2451 ut
604 2410 743 2451 stellis
768 2409 944 2451 Grotius
973 2409 1158 2462 languet
1185 2410 1236 2450 ut
1263 2408 1310 2450 in
1340 2408 1483 2450 stellis
1517 2409 1557 2450 V
1581 2410 1766 2462 languat

172 2466 224 2506 ut
250 2465 296 2506 in
326 2465 466 2507 stellis
489 2466 533 2506 A
554 2467 569 2519 ΙΙ
590 2465 723 2507 hebes
746 2465 788 2506 A
819 2465 921 2507 ebes
950 2464 992 2506 V
1044 2469 1123 2506 941
1154 2463 1249 2518 igni
1280 2464 1320 2505 V
1343 2464 1458 2517 ignis
1481 2464 1524 2505 A
1583 2469 1663 2506 943
1688 2465 1768 2507 olli

173 2533 333 2562 nomen
363 2520 402 2563 V
422 2521 478 2564 ob
500 2521 696 2564 linomen
718 2521 761 2562 A
819 2525 901 2562 944
923 2520 1170 2574 primigeno
1199 2519 1242 2562 V
1256 2519 1466 2573 pinigeno
1489 2520 1532 2561 A
1597 2524 1678 2562 948
1702 2522 1768 2563 est

183 2575 224 2616 V
250 2577 295 2618 et
323 2575 366 2617 A
394 2578 409 2630 H
436 2577 610 2630 parcior
646 2591 666 2619 e
701 2589 863 2630 paruor
908 2576 949 2618 V
981 2576 1106 2618 aiuor
1143 2581 1241 2618 ante
1277 2575 1400 2617 aiuor
1437 2576 1627 2618 duarum
1660 2577 1768 2619 litte-

174 2644 326 2673 rarum
360 2634 550 2686 spatium
585 2645 775 2674 uacuum
811 2632 854 2673 A
997 2635 1077 2673 950
1115 2645 1201 2685 qua
1238 2632 1416 2673 soluunt
1453 2631 1632 2675 Grotius
1668 2645 1768 2674 cum

177 2687 354 2729 soluunt
388 2688 431 2729 V
453 2689 722 2731 conuoluunt
751 2689 794 2731 A
909 2691 988 2729 951
1020 2700 1107 2740 qua
1138 2687 1316 2730 Grotius
1345 2700 1444 2729 cum
1483 2688 1564 2729 VA
