1916 2944
90 496 199 534 1615

90 845 198 884 1620

91 1194 198 1233 1625

90 1544 197 1582 1630

857 123 915 130 -
994 95 1060 145 δεῇ
1134 126 1200 132 .-

229 204 450 268 pallidus
489 222 578 255 ora
615 204 797 255 cadens
836 205 1093 271 promittit
1128 224 1256 271 pura
1293 224 1483 258 serena.

230 273 466 338 displosis
506 275 695 324 etenim
732 291 823 340 per
861 277 1091 340 apertam
1125 277 1348 327 nubibus
1386 275 1615 328 aethram

231 360 322 393 ora
358 344 614 394 laboranti
651 344 832 394 similis
868 345 1166 411 languentia
1201 347 1363 411 pallet

231 415 282 462 et
319 413 643 464 disiectarum
679 415 840 464 moles
879 415 980 464 late
1018 416 1319 466 nebularum

229 482 421 533 indicat
458 484 596 534 exuti
631 484 813 534 faciem
851 484 1124 535 clarescere
1159 486 1352 536 mundi.

231 553 355 617 quin
391 556 630 603 nascente
668 554 747 602 die
786 556 1028 605 uenturos
1067 556 1307 605 conuenit
1341 556 1531 607 imbres

227 639 459 687 noscere,
497 641 611 673 cum
648 624 798 688 proni
833 625 1009 689 procul
1047 625 1110 674 ad
1149 625 1371 676 confinia
1408 627 1534 677 caeli

229 691 415 742 deferri
450 693 594 757 piceo
635 695 881 759 spectaris
918 694 1096 744 nubila
1131 697 1315 746 tractu,

230 764 281 811 et
319 779 434 812 cum
472 763 730 813 declinant
765 764 898 813 radii
935 780 987 813 se
1023 767 1222 829 partem
1258 765 1310 814 in
1348 768 1616 832 utramque

229 831 355 881 lucis
394 833 449 881 in
487 850 690 898 occasu,
727 851 831 884 nox
867 836 925 883 ut
961 837 1098 884 serat
1134 835 1305 900 algida
1341 853 1505 900 rores,

228 902 393 951 imber
431 903 540 952 erit.
610 921 763 968 puras
803 903 846 953 si
880 902 1116 954 Phoebus
1155 905 1343 954 condat
1379 905 1604 956 habenas

230 974 281 1020 et
318 969 599 1037 Calpetano
636 973 970 1038 tranquillum
1008 974 1212 1040 gurgite
1248 975 1422 1024 lumen

228 1041 435 1106 tinguat
472 1044 522 1091 et
557 1043 815 1107 inlapsum
851 1043 1010 1093 nubes
1047 1044 1212 1109 ignita
1249 1047 1511 1111 sequatur,

227 1127 430 1177 noxque
467 1111 675 1178 diesque
713 1113 895 1163 dehinc
931 1114 1133 1163 uenturi
1169 1131 1342 1163 rursus
1380 1114 1480 1165 Eoi

227 1180 518 1232 nimborum
556 1186 787 1247 expertes
825 1185 875 1232 et
910 1183 1301 1247 tempestatibus
1339 1184 1464 1234 atris

231 1251 498 1301 durabunt.
572 1253 660 1302 sed
697 1270 811 1303 cum
848 1252 1003 1302 radiis
1040 1253 1382 1303 marcentibus
1421 1254 1570 1304 ardor

227 1321 441 1386 languet
477 1324 528 1371 et
564 1322 618 1371 in
653 1323 797 1372 tenui
833 1323 1111 1373 tenduntur
1147 1324 1376 1374 acumine
1413 1323 1602 1374 frustra

227 1390 452 1441 Phoebei
489 1392 676 1457 crines,
712 1393 913 1442 nimbos
953 1395 1070 1458 aget
1107 1395 1220 1442 atra
1255 1393 1491 1457 procella.

227 1460 347 1510 talis
386 1464 437 1510 et
474 1461 682 1512 obducti
719 1465 951 1512 cernetur
986 1462 1153 1512 forma
1189 1462 1309 1528 diei,

229 1531 432 1596 qualem
468 1530 722 1583 fraternos
761 1532 1034 1582 subtexens
1071 1532 1194 1581 luna
1228 1532 1425 1598 iugales

226 1601 392 1650 lucem
428 1600 658 1652 hebetat:
699 1601 838 1651 subit
873 1601 999 1651 haec
1038 1602 1205 1666 superi
1244 1619 1388 1652 sacra
1424 1602 1617 1652 lumina
1656 1603 1778 1654 solis

227 1669 440 1721 inferior
476 1671 773 1736 mediaeque
809 1671 1088 1721 interstans
1125 1671 1379 1737 lampadis
1418 1673 1538 1722 orbe

341 1938 447 1975 1611
481 1933 642 1976 cadens
672 1947 693 1976 e
724 1933 870 1977 calens
890 1935 933 1976 A
956 1936 971 1988 ΙΙ
992 1947 1104 1988 pura
1133 1947 1154 1977 e
1182 1947 1292 1989 para
1313 1935 1357 1976 A
1487 1940 1592 1977 1612
1618 1935 1824 1990 displosis

227 2003 247 2032 e
277 1989 460 2043 diplosis
490 1990 533 2031 A
555 1991 570 2043 ss
593 1990 755 2032 etenim
786 2003 807 2032 e
837 1991 914 2032 sed
944 1990 1060 2032 enim
1090 1991 1133 2032 A
1238 1995 1348 2032 1614
1379 1990 1660 2033 disiectarum
1689 2005 1709 2034 e
1739 1991 1825 2034 dis-

227 2046 446 2088 sectarum
484 2047 527 2087 A
671 2050 778 2088 1615
825 2046 946 2088 exuti
989 2060 1010 2088 e
1054 2048 1099 2089 et
1140 2046 1208 2088 uti
1251 2045 1294 2087 A
1323 2048 1336 2101 ΙΙ
1374 2047 1613 2089 clarescere
1649 2061 1670 2089 e
1706 2048 1826 2090 calor

227 2114 374 2144 ascere
410 2101 453 2143 A
592 2106 699 2145 1616
738 2102 844 2155 quin
880 2116 905 2144 υ
944 2102 1051 2144 Cum
1088 2103 1131 2144 A
1171 2102 1255 2153 Qui
1292 2116 1312 2144 e
1448 2107 1554 2145 1617
1593 2116 1768 2146 noscere
1805 2116 1827 2145 e

226 2170 304 2200 om.
329 2159 372 2199 A
458 2161 565 2199 1618
596 2158 758 2200 deferri
786 2172 811 2200 v
842 2171 919 2200 om.
944 2159 987 2199 A
1010 2157 1075 2200 De
1107 2157 1189 2199 feri
1218 2172 1238 2199 e
1259 2158 1272 2211 ΙΙ
1296 2159 1506 2212 spectaris
1537 2172 1557 2200 e
1587 2159 1826 2213 spectantis

225 2214 269 2256 A
387 2218 495 2255 1620
532 2226 690 2255 occasu
727 2228 747 2256 e
784 2215 869 2257 hoc
906 2227 1011 2257 casu
1040 2215 1082 2255 A
1200 2219 1304 2256 1621
1336 2227 1469 2268 puras
1500 2228 1520 2256 e
1548 2217 1712 2268 primas
1741 2216 1783 2257 A
1811 2215 1826 2270 Η

227 2270 390 2312 condat
420 2270 599 2312 Grotius
629 2269 779 2312 condit
809 2271 851 2312 A
939 2274 1047 2312 1623
1077 2269 1253 2323 tinguat
1281 2284 1301 2312 e
1328 2270 1475 2324 tingat
1502 2270 1545 2311 A
1568 2272 1581 2325 Η
1603 2270 1825 2325 inlapsum

226 2327 397 2368 correxi
423 2325 633 2379 illapsum
657 2326 890 2369 Schrader-23
919 2327 1246 2368 commentarius
1267 2326 1409 2370 Berol.
1440 2327 1486 2367 in
1516 2327 1691 2380 lapsum
1713 2327 1756 2367 A
1779 2325 1825 2367 in

226 2380 349 2436 lapsu
379 2395 400 2424 e
487 2386 596 2423 1624
624 2395 797 2436 noxque
828 2396 848 2424 e
870 2383 1056 2435 Nanque
1080 2383 1122 2423 A
1232 2386 1339 2424 1625
1371 2383 1570 2435 expertes
1600 2395 1621 2424 e
1650 2383 1695 2423 et
1723 2382 1824 2436 ptes

226 2438 269 2479 A
292 2438 348 2489 cf.
372 2437 550 2480 Hermes
575 2438 718 2478 XIII
733 2451 775 2491 p.
802 2441 886 2480 359
908 2452 952 2480 n.
977 2441 1034 2481 37
1056 2442 1095 2480 et
1119 2438 1276 2491 XVp.
1302 2441 1387 2480 182
1409 2451 1450 2479 n.
1477 2441 1532 2480 51
1593 2442 1700 2479 1626
1725 2450 1824 2479 cum

226 2507 246 2536 e
276 2493 380 2535 dum
409 2494 452 2535 A
570 2498 675 2536 1627
706 2494 891 2548 languet
920 2508 940 2536 e
969 2494 1180 2548 langueat
1209 2496 1251 2535 A
1281 2495 1295 2548 ΙΙ
1326 2494 1371 2535 in
1400 2507 1425 2535 v
1455 2505 1534 2536 om.
1564 2494 1644 2536 Ae
1665 2493 1679 2546 ΙΙ
1701 2493 1824 2535 tenui

226 2563 246 2591 e
274 2550 431 2591 tenuat
458 2550 502 2591 A
607 2554 714 2592 1630
743 2550 958 2593 fraternos
988 2563 1008 2592 e
1035 2563 1123 2592 nox
1150 2549 1328 2591 fratrem
1359 2550 1402 2591 A
1504 2554 1611 2592 1631
1642 2549 1825 2592 hebetat

226 2618 250 2647 v
286 2605 463 2647 habitat
489 2606 532 2647 A
549 2618 569 2647 e
685 2610 792 2647 1632
829 2605 1009 2648 inferior
1037 2618 1058 2647 e
1085 2605 1266 2648 inferius
1295 2606 1338 2647 A
1367 2606 1381 2658 ss
1409 2605 1643 2648 interstans
1671 2618 1696 2647 v
1728 2606 1826 2647 uter

225 2664 348 2703 trans
379 2662 421 2702 A
452 2661 567 2703 inter
596 2661 710 2703 stans
741 2676 762 2704 e

1850 506 1911 538 290

1848 853 1911 885 295

1848 1201 1910 1232 300

1844 1547 1905 1580 305
