1916 2944
851 146 1190 196 -18.-

222 253 422 305 Cretaei
458 255 669 320 pecoris.
733 255 860 306 haec
895 256 976 306 lac
1011 259 1323 306 memoratur
1360 257 1565 307 alumno

220 324 466 374 infudisse
502 323 617 375 Ioui
655 341 857 390 capra,
894 325 1065 375 nutrix
1102 326 1237 376 dicta
1271 326 1516 377 tonantis.

223 393 484 460 stelligero
525 395 768 444 subuecta
805 395 923 460 polo
962 398 1061 461 est,
1097 396 1182 445 ille
1217 396 1416 462 inpiger
1453 399 1621 446 autem

111 475 192 513 410
222 463 434 528 pulcher
463 463 830 514 Erichthonius
868 482 1043 515 currus
1082 468 1133 515 et
1168 467 1409 530 quattuor
1446 466 1568 515 olim

223 533 389 583 iunxit
427 550 582 598 equos
592 573 605 598 ,
641 551 831 599 pronus
869 535 956 600 qui
991 552 1096 585 non
1131 535 1310 600 procul
1346 535 1401 585 in
1438 535 1756 602 geminorum

221 602 371 652 laeua
406 602 541 652 iacet
575 603 791 669 fusoque
829 621 978 669 super
1015 621 1069 655 se
1107 621 1318 670 corpore
1354 605 1518 655 tendit

221 672 470 737 plurimus
508 672 671 738 adque
707 672 910 724 Helices
948 677 1101 739 caput
1136 674 1411 725 inclinatur
1447 675 1511 724 ab
1549 692 1649 726 ore.

221 742 306 791 ille
338 742 542 807 quidem
571 743 625 792 in
657 743 879 808 spatium
901 744 1130 794 membra
1153 744 1388 810 explicat,
1416 747 1473 794 ut
1496 762 1648 810 capra
1670 745 1818 796 laeuo

106 812 320 861 415-fixa
355 829 530 862 umero
569 813 703 863 clare
741 814 1046 879 sustollitur,
1083 815 1244 879 ipsius
1282 819 1451 864 autem

218 881 318 931 fine
355 899 537 932 manus
573 900 761 948 paruas
798 883 1126 934 haedorum
1163 883 1363 949 suspice
1399 884 1645 934 flammas,

219 951 306 1016 qui
341 954 617 1017 postquam
655 951 855 1002 Oceano
896 970 1003 1003 sese
1042 954 1305 1019 expediere
1343 971 1528 1004 sonoro
1538 993 1552 1019 ‚

220 1038 375 1070 saeua
410 1022 710 1086 procellosis
747 1022 1017 1073 inmittunt
1051 1023 1212 1073 flabra
1247 1023 1471 1089 fluentis,

218 1093 275 1140 ut
313 1107 553 1155 spumosa
588 1092 720 1141 truci
757 1092 1022 1157 pulsentur
1056 1093 1210 1143 litora
1245 1093 1401 1143 fluctu

107 1171 189 1209 420
221 1162 271 1209 et
307 1176 442 1226 uaga
478 1162 734 1211 caeruleas
771 1162 1042 1212 inuoluant
1079 1180 1299 1228 aequora
1335 1179 1547 1228 puppes.

288 1228 396 1280 Nec
433 1230 602 1281 minus
640 1231 848 1298 aurigae
886 1250 986 1298 qua
1023 1234 1144 1282 sunt
1179 1233 1400 1298 uestigia
1436 1233 1600 1298 curui,

218 1300 469 1366 cornigeri
506 1300 610 1350 late
647 1301 928 1352 tenduntur
961 1304 1169 1367 pectora
1206 1303 1386 1352 tauri.

217 1369 323 1419 illic
362 1373 615 1420 saetosam
652 1371 852 1436 pecoris
889 1372 1178 1437 perquirere
1215 1372 1437 1422 frontem

218 1441 327 1489 esto
367 1456 582 1504 memor,
618 1440 749 1491 flexo
785 1442 919 1491 iacet
955 1441 1064 1491 illic
1102 1459 1266 1507 crure,
1303 1442 1524 1492 minaces

102 1520 182 1558 425
213 1508 267 1557 in
303 1511 490 1558 terram
527 1510 689 1576 figens
728 1511 916 1563 oculos,
981 1528 1087 1561 non
1123 1513 1294 1561 cetera
1331 1511 1479 1577 signa

212 1577 532 1628 flammarum
571 1580 788 1629 similem
824 1582 1003 1645 procul
1039 1581 1173 1631 inter
1211 1580 1377 1631 sidera
1412 1581 1630 1631 formam

214 1650 470 1698 ostentare
507 1650 696 1699 ualent.
768 1650 974 1714 gemino
1015 1651 1086 1700 sic
1124 1668 1313 1701 cornua
1349 1650 1500 1701 ductu

213 1717 366 1784 erigit
405 1719 618 1768 aetherii
655 1719 804 1786 uigor
839 1721 976 1786 ignis
1015 1723 1067 1770 et
1103 1721 1236 1787 ignis
1272 1721 1526 1786 utrimque

213 1788 286 1837 sic
322 1788 542 1838 camuris
581 1789 725 1839 ardet
759 1790 1127 1856 protractibus,
1163 1790 1290 1840 haut
1325 1791 1420 1840 tibi
1458 1791 1619 1857 signis

98 1869 182 1907 430
211 1857 549 1923 perquirenda
587 1859 699 1908 aliis
737 1861 934 1924 pecoris
971 1859 1111 1910 frons
1151 1877 1367 1925 aequore
1406 1863 1581 1926 surget

212 1925 414 1977 Oceani.
485 1929 692 1994 proprio
730 1933 933 1979 taurum
971 1930 1293 1995 deprenderis
1333 1946 1439 1995 ore,

321 2041 403 2079 407
437 2036 608 2079 Cretaei
636 2037 807 2091 pecoris
837 2051 862 2080 v
894 2037 1022 2081 Crete
1052 2038 1145 2092 ipse
1177 2039 1290 2081 coris
1323 2038 1365 2081 V
1383 2038 1511 2096 Crete
1540 2038 1635 2093 ipse
1666 2040 1811 2084 choris

208 2092 251 2133 A
289 2092 446 2135 Craetei
483 2093 653 2147 pecoris
691 2108 711 2136 e
747 2095 762 2148 ss
797 2095 908 2137 haee
944 2107 968 2136 v
1005 2094 1078 2136 hic
1122 2093 1232 2137 VAe
1360 2099 1441 2137 409
1479 2096 1546 2137 est
1583 2096 1625 2137 V
1657 2108 1733 2139 om.
1766 2097 1810 2138 A

208 2151 292 2189 410
321 2147 637 2192 Erichthonius
666 2150 710 2191 A
739 2149 991 2192 Erictonius
1029 2150 1071 2191 V
1194 2155 1274 2192 411
1305 2150 1448 2192 iunxit
1486 2150 1527 2192 V
1550 2150 1695 2206 iungit
1723 2153 1766 2194 A
1798 2154 1810 2207 Η

209 2203 285 2257 qui
306 2217 394 2246 non
417 2218 441 2246 v
465 2218 543 2247 om.
577 2205 688 2248 VAe
754 2210 835 2248 415
860 2205 1110 2248 sustollitur
1140 2205 1183 2248 V
1201 2205 1480 2249 substollitur
1501 2208 1543 2248 A
1602 2212 1684 2249 418
1707 2222 1807 2262 pro-

210 2259 382 2302 cellosis
419 2260 459 2301 V
490 2262 731 2315 procelosis
760 2263 804 2303 A
946 2267 1029 2304 420
1065 2276 1235 2317 puppes
1272 2275 1292 2304 e
1320 2276 1491 2316 ppupes
1530 2263 1572 2304 V
1595 2277 1735 2317 pupes
1764 2265 1807 2306 A

207 2329 250 2357 u.
287 2319 376 2359 421
413 2317 671 2360 inscribitur
702 2317 932 2360 TAVRVS
971 2318 1053 2360 VA
1167 2323 1248 2361 423
1287 2319 1506 2361 saetosam
1543 2321 1711 2361 correxi
1745 2334 1808 2362 se-

208 2374 383 2413 tonsam
419 2372 462 2414 V
485 2375 675 2415 setosam
705 2374 749 2415 A
864 2378 946 2416 425
975 2375 1113 2428 figens
1143 2376 1186 2416 A
1216 2375 1385 2428 fingens
1424 2374 1464 2416 V
1489 2375 1504 2428 11
1536 2387 1621 2417 non
1651 2377 1809 2429 scripsi

207 2428 261 2478 cf.
293 2427 472 2471 Hermes
504 2429 621 2470 XII
643 2443 690 2483 Ρ.
721 2433 807 2472 153
835 2443 878 2472 ‘n-
909 2434 969 2472 18
999 2432 1095 2472 tum
1133 2430 1243 2473 VAe
1355 2435 1436 2472 428
1473 2431 1600 2484 uigor
1629 2430 1810 2475 Grotius

206 2483 327 2536 rigor
373 2484 454 2526 VA
596 2490 677 2528 429
718 2485 781 2528 sic
819 2486 1005 2528 camuris
1041 2499 1066 2528 v
1105 2485 1241 2529 Sicca.
1279 2488 1413 2527 muris
1459 2486 1499 2528 V
1532 2485 1569 2528 si
1606 2489 1808 2541 (correxit

205 2552 256 2581 m.
292 2540 334 2592 1)
367 2541 587 2582 chamuris
616 2542 659 2583 A
691 2541 738 2584 Si
768 2542 955 2584 camuris
986 2555 1006 2584 e
1034 2543 1048 2595 ΙΙ
1076 2542 1186 2584 haut
1215 2543 1383 2584 correxi
1411 2542 1516 2584 audi
1544 2542 1585 2585 V
1614 2544 1692 2585 aut
1720 2545 1763 2585 A
1793 2544 1808 2600 ΙΙ

204 2593 289 2636 tibi
328 2594 369 2636 V
395 2595 458 2638 ibi
487 2598 530 2638 A
631 2602 714 2640 430
745 2597 843 2640 aliis
871 2597 1042 2652 pecoris
1082 2598 1123 2640 V
1149 2597 1246 2640 aliis
1275 2597 1341 2639 fro
1372 2598 1545 2651 (deleuit
1572 2612 1625 2641 m.
1656 2601 1699 2653 1)
1730 2611 1805 2653 pe-

206 2650 318 2691 eoris
348 2651 391 2692 A
428 2654 442 2705 ΙΙ
480 2665 669 2706 aequore
700 2655 850 2707 surget
878 2654 921 2695 A
953 2667 1092 2706 aequo
1122 2654 1322 2708 resurget
1359 2653 1401 2695 V
1509 2658 1588 2696 431
1623 2655 1804 2709 depren-

205 2704 320 2747 deris
350 2719 374 2748 v
406 2708 608 2762 defideris
648 2709 688 2752 V
714 2708 1054 2763 deprehenderis
1081 2709 1123 2751 A
1154 2709 1502 2764 depraehenderis
1533 2724 1553 2752 e
