1916 2944
66 318 172 357 1710

65 667 172 706 1715

64 1017 172 1056 1720

64 1367 172 1406 1725

66 1717 174 1756 1730

829 126 1170 175 -70-

203 252 316 285 011111
354 236 587 300 proprias
626 236 805 286 sollers
844 236 986 285 sedes
1024 235 1236 286 formica
1272 237 1535 302 relinquet.

204 322 300 355 oua
338 306 476 355 cauis
514 305 672 356 ecfert
706 306 1071 371 penetralibus,
1109 323 1290 370 aspera
1327 307 1512 371 quippe

202 378 479 440 tempestas
517 375 815 441 gelidusque
853 375 958 425 dies
997 378 1048 425 et
1083 375 1301 441 frigidus
1340 377 1541 441 aether3

201 445 381 495 inserit
416 445 629 495 internis
666 448 920 495 terrarum
957 444 1160 495 sedibus
1199 448 1383 496 aestus.

201 517 411 579 pectora
449 532 563 565 cum
600 532 754 565 curuo
792 518 980 580 purgat
1017 515 1267 580 gallinula
1303 518 1471 566 rostro
1481 557 1494 582 ‚

203 585 405 651 agmine
444 601 558 635 cum
595 585 752 635 denso
793 585 1198 635 circumuolitare
1237 585 1438 635 uidetur

204 655 441 720 graculus
479 658 530 704 et
566 655 708 704 tenui
744 671 857 705 cum
897 654 1120 705 stridunt
1155 658 1361 721 gutture
1400 656 1561 722 corui3

203 742 316 774 cum
354 741 567 789 procera
604 725 770 775 salum
807 724 995 790 repetit
1031 725 1267 791 clangore
1306 724 1562 791 frequenti

203 794 375 860 ardea,
413 812 527 844 cum
563 812 753 861 paruae
791 794 1019 860 defigunt
1057 795 1251 860 spicula
1288 812 1491 845 muscae

203 867 254 915 et
292 864 335 913 si
370 865 636 915 nocturnis
675 863 971 915 ardentibus
1007 865 1231 930 undique
1267 866 1415 914 testis

203 937 531 984 concrescant
567 935 734 1001 fungi,
774 935 817 984 si
852 935 1073 984 flammis
1113 935 1295 984 emicet
1331 936 1464 1000 ignis

203 1003 382 1054 effluus
421 1007 510 1054 aut
546 1005 674 1054 lucis
714 1005 1005 1054 substantia
1040 1004 1285 1070 langueat
1320 1005 1477 1055 ultro:

203 1074 444 1124 conuenit
479 1075 732 1124 instantes
770 1090 1102 1139 praenoscere
1139 1075 1373 1138 protinus
1411 1075 1613 1124 imbres.

203 1144 417 1209 denique
457 1161 571 1194 cum
608 1145 842 1209 patulum
878 1147 1077 1194 torrens
1114 1142 1375 1194 Vulcanus
1414 1144 1628 1194 ahenum

203 1214 451 1264 scintillas
489 1215 697 1263 flamma
735 1214 1130 1264 circumlabente
1167 1214 1433 1280 relinquit3

205 1284 248 1333 si
285 1287 438 1334 notus
476 1284 732 1334 humentis
770 1284 962 1349 Libyco
1001 1285 1099 1333 ciet
1135 1284 1339 1334 aethere
1374 1284 1536 1334 nubes

205 1354 311 1403 siue
347 1355 506 1403 imum
546 1354 608 1404 ad
637 1356 866 1404 montem
902 1354 1205 1404 nebularum
1243 1371 1442 1404 crassus
1480 1354 1696 1404 amictus

202 1423 463 1490 tendatur⁷
501 1442 698 1474 summo
735 1424 992 1473 nudentur
1027 1424 1216 1473 uertice
1255 1441 1398 1489 saxa3

204 1497 255 1543 et
291 1511 391 1559 qua
427 1497 614 1559 pontus
652 1495 776 1544 item
813 1494 946 1543 freta
981 1511 1071 1559 per
1108 1494 1330 1544 distenta
1366 1494 1599 1559 quiescit,

202 1564 378 1613 nubila
417 1564 460 1613 si
497 1565 654 1630 longo
695 1581 748 1614 se
785 1564 1176 1629 procumbentia
1212 1567 1382 1613 tractu

204 1633 510 1684 diffundunt:
549 1634 692 1684 caelo
730 1636 781 1683 et
818 1633 1022 1683 Thetidi
1059 1634 1312 1699 terrisque
1349 1633 1543 1699 supinis

205 1722 306 1769 pax
343 1704 528 1768 aderit,
564 1721 819 1769 nusquam
856 1703 1043 1754 mundo
1081 1706 1194 1753 ruet
1232 1703 1410 1754 effiuus
1448 1704 1622 1753 imber.

277 1773 374 1823 Sed
414 1791 527 1823 cum
563 1774 844 1839 tranquillo
883 1774 1162 1823 tenduntur
1198 1774 1336 1823 clara
1373 1791 1552 1824 serena

206 1845 297 1894 sub
335 1843 477 1908 Ioue,
515 1847 761 1893 uenturae
798 1860 1132 1908 praenoscere
1171 1844 1319 1910 signa
1355 1844 1606 1908 procellae

318 1972 426 2010 1710
467 1981 552 2010 0113
588 1981 612 2010 v
645 1967 826 2021 Quaque
855 1967 899 2008 A
938 1967 1034 2018 Qua
1070 1980 1090 2009 e
1126 1969 1141 2020 ΙΙ
1178 1966 1314 2009 ecfert
1349 1968 1506 2019 scripsi
1542 1968 1596 2019 cf.
1628 1966 1805 2009 Hermes

206 2024 348 2065 XIII
372 2038 420 2077 p.
460 2027 545 2067 362
580 2037 622 2066 n.
663 2027 719 2066 44
757 2022 884 2065 effert
919 2024 962 2064 A
998 2024 1108 2065 haec
1144 2023 1230 2065 fert
1265 2036 1286 2064 0
1401 2027 1508 2064 1712
1548 2022 1724 2065 sedibus
1763 2023 1806 2063 A

203 2080 371 2122 reditus
402 2093 422 2121 0
453 2081 507 2131 cf.
532 2080 711 2121 Hermes
736 2079 834 2120 XV
852 2093 899 2133 p.
930 2081 1018 2121 182
1047 2093 1091 2121 n.
1116 2082 1172 2122 52
1258 2082 1364 2121 1715
1394 2078 1598 2132 graculus
1628 2092 1648 2120 e
1672 2077 1806 2120 Grac—

206 2136 361 2177 chulus
391 2136 434 2176 A
533 2140 640 2177 1716
671 2135 878 2189 clangore
908 2149 928 2177 0
957 2136 1140 2189 langore
1172 2135 1213 2175 A
1306 2139 1412 2177 1717
1443 2135 1578 2176 ardea
1607 2148 1627 2175 0
1656 2133 1806 2176 Ardua

204 2191 249 2233 A
365 2196 472 2232 1719
520 2194 804 2233 concrescant
844 2190 1024 2233 Grotius
1061 2190 1359 2233 Concrescunt
1394 2191 1437 2232 A
1553 2195 1659 2232 1721
1707 2204 1806 2232 con-

205 2248 330 2289 uenit
358 2260 379 2289 0
410 2247 520 2289 Cum
548 2249 682 2290 uento
706 2248 748 2288 A
770 2249 786 2301 ΙΙ
813 2246 1014 2300 protinus
1044 2259 1065 2288 0
1092 2247 1267 2301 proxim
1297 2247 1392 2299 (del.
1415 2246 1474 2299 A)
1505 2246 1705 2300 protinus
1729 2247 1770 2288 A
1793 2246 1806 2301 ΙΙ

204 2304 367 2345 imbres
399 2317 419 2345 e
448 2303 590 2345 imber
619 2303 663 2344 A
781 2308 887 2345 1722
918 2304 1090 2345 torrens
1119 2316 1144 2344 v
1174 2304 1313 2345 torret
1341 2303 1417 2344 Ae
1438 2304 1452 2355 ΙΙ
1475 2303 1665 2344 ahenum
1694 2315 1719 2344 v
1750 2303 1807 2343 ah

205 2360 300 2411 (del.
333 2360 392 2413 A)
431 2360 622 2416 ahenum
651 2359 695 2400 A
733 2372 893 2401 aenum
922 2373 943 2401 0
1058 2363 1167 2401 1724
1204 2358 1424 2400 humentis
1455 2372 1475 2400 0
1502 2359 1735 2400 humentes
1764 2359 1808 2399 A

210 2419 316 2456 1725
357 2414 451 2457 siue
488 2416 626 2456 imum
665 2415 844 2457 Grotius
881 2415 920 2456 si
955 2414 1125 2456 nimum
1161 2416 1204 2456 A
1239 2416 1255 2468 ΙΙ
1290 2414 1475 2456 amictus
1513 2427 1534 2456 0
1570 2414 1735 2455 amictu
1764 2415 1807 2455 A

210 2475 318 2512 1728
349 2470 683 2524 procumbentia
711 2485 731 2512 0
761 2484 920 2524 copum
946 2470 1090 2512 bretia
1112 2471 1155 2512 A
1216 2474 1322 2512 1729
1348 2470 1470 2512 03010
1493 2471 1539 2512 et
1561 2470 1742 2512 Thetidi
1762 2471 1805 2511 A

209 2527 330 2569 caelo
347 2526 529 2569 Thetidi
546 2527 724 2569 Grotius
741 2528 794 2579 cf.
809 2527 987 2569 Hermes
1001 2526 1050 2568 X
1056 2526 1130 2568 VI
1133 2539 1181 2580 p.
1195 2529 1279 2568 134
1294 2540 1336 2568 n.
1351 2529 1410 2568 98
1441 2531 1549 2568 1730
1565 2539 1652 2579 pax
1667 2526 1808 2568 aderit

207 2596 422 2635 nusquam
455 2597 475 2625 0
503 2583 648 2636 pando
679 2596 788 2625 anus
819 2595 951 2636 quam
980 2583 1023 2624 A
1092 2587 1189 2635 post
1215 2596 1259 2625 u.
1290 2585 1405 2624 1730
1434 2583 1592 2625 lineam
1621 2595 1807 2624 uacuam

205 2639 333 2680 habet
358 2639 400 2679 A
490 2644 596 2680 1731
629 2638 750 2681 01313
779 2638 1008 2681 Schraderi
1038 2639 1364 2681 commentarius
1386 2638 1528 2681 Berol.
1562 2638 1706 2680 castra
1727 2638 1770 2679 A
1792 2637 1807 2693 l}

208 2707 364 2736 serena
392 2708 413 2736 0
436 2707 586 2737 sereno
610 2696 652 2736 A
742 2699 847 2737 1732
874 2695 953 2737 sub
975 2695 1079 2737 Ioue
1102 2696 1315 2743 uenturae
1337 2707 1358 2737 e
1380 2694 1505 2736 subia
1526 2695 1741 2736 uenentur
1763 2695 1806 2735 A

1821 321 1884 352 385

1823 670 1885 701 390

1823 1017 1885 1049 395

1823 1367 1887 1398 400
