1916 2944
123 241 176 278 60

122 588 174 625 65

123 937 174 974 70

124 1285 174 1322 75

123 1634 175 1671 80

851 117 1156 165 —4-

211 230 509 293 aequarent,
547 244 646 292 qua
682 229 828 293 parte
865 227 1012 292 polus
1051 228 1316 278 sublimior
1353 230 1456 279 alto

209 297 411 347 cardine
449 297 707 347 caeruleas
744 296 973 347 Thetidis
1010 314 1114 347 non
1152 300 1387 363 tangeret
1421 281 1604 364 undaS‚

209 366 321 432 quis
359 367 509 431 polus
547 367 823 416 umbrifero
861 367 1020 416 lateat
1056 367 1266 417 decliuis
1304 368 1358 417 in
1396 386 1488 418 axe

209 439 259 486 et
295 452 431 501 uaga
466 435 665 501 palanti
702 453 790 486 cur
828 437 976 501 signa
1014 453 1183 486 errore
1219 437 1461 487 ferantur.

208 523 338 570 quae
375 523 578 556 rursum
615 506 820 572 ingenio
857 506 1181 571 numerisque
1220 504 1515 558 Solensibus
1553 507 1687 557 idem

206 574 438 640 Iuppiter
476 575 643 625 efferri
678 576 860 625 melius
899 574 1060 641 dedit,
1097 576 1265 625 incola
1302 575 1456 627 Tauri

206 662 352 694 musa
389 647 446 695 ut
484 644 753 710 Cecropios
791 647 1055 711 raperetur
1095 648 1146 694 et
1181 645 1353 695 Aonas
1392 663 1557 712 agros.
1672 690 1675 694 ,

275 713 358 764 Me
397 732 596 781 quoque
634 731 768 765 nunc
806 715 986 765 similis
1025 715 1259 764 stimulat
1295 714 1436 765 furor
1473 716 1618 766 edere
1654 733 1804 766 uersu

205 788 458 850 tempora,
496 801 610 834 cum
647 785 786 834 duris
824 801 1027 834 uersare
1064 784 1322 850 ligonibus
1361 803 1485 835 arua

207 855 499 918 conueniat,
537 871 651 904 cum
689 855 912 904 ueliuolo
952 855 1071 903 dare
1108 855 1320 904 carbasa
1355 858 1514 921 ponto

206 926 256 974 et
293 941 406 974 cum
442 924 686 974 uiticomo
725 924 915 974 crinem
951 923 1162 973 tondere
1198 923 1385 989 Lyaeo.

207 1011 235 1043 o
274 994 400 1043 mihi
437 996 562 1044 nota
600 994 740 1058 adyti
777 994 879 1043 iam
917 993 1128 1042 numina
1166 993 1429 1044 Parnasei!

207 1080 235 1112 ο
274 1080 364 1128 per
401 1064 563 1113 multa
599 1080 809 1128 operum
850 1080 961 1112 mea
999 1080 1196 1128 semper
1234 1080 1354 1113 cura
1391 1066 1650 1114 camenae!

205 1133 307 1182 iam
344 1133 511 1198 placet
548 1133 603 1183 in
641 1151 880 1199 superum
918 1133 1059 1182 uisus
1099 1133 1366 1182 sustollere
1404 1135 1600 1184 caelum

209 1202 369 1267 adque
407 1203 568 1253 oculis
604 1220 829 1253 reserare
868 1202 1005 1253 uiam
1043 1219 1134 1267 per
1171 1203 1348 1254 sidera.
1421 1205 1605 1269 maior,

206 1273 370 1323 maior
407 1273 518 1338 agit
553 1277 774 1324 mentem
815 1273 968 1323 solito
1008 1272 1150 1337 deUS,
1188 1273 1357 1337 ampla
1392 1275 1612 1337 patescit

207 1341 351 1392 Cirra
387 1343 516 1392 mihi
554 1346 606 1393 et
643 1344 767 1394 totis
809 1359 862 1392 se
901 1341 1119 1391 Helicon
1156 1342 1374 1406 inspirat
1411 1344 1474 1392 ab
1513 1344 1686 1393 antris.

278 1411 488 1478 Omnia,
526 1430 654 1478 quae
692 1411 912 1461 fiammis
950 1411 1173 1476 pingunt
1208 1412 1523 1463 radiantibus
1563 1413 1806 1479 aethram,

205 1498 309 1531 nox
346 1482 454 1548 agit
491 1485 543 1532 et
578 1500 728 1532 uerso
768 1498 860 1532 ceu
897 1481 999 1530 fixa
1034 1480 1311 1530 trahuntur
1349 1481 1584 1547 Olympo.

208 1553 261 1600 at
297 1569 402 1602 non
440 1555 620 1602 cuncta
656 1555 834 1602 tamen
871 1551 1133 1615 signorum
1172 1550 1228 1599 in
1266 1551 1378 1617 lege
1415 1552 1663 1616 putanda,

207 1638 324 1686 pars
361 1622 585 1671 numeris
623 1625 674 1671 et
710 1621 905 1670 honore
943 1623 1094 1670 caret.
1166 1620 1322 1670 micat
1358 1622 1595 1671 omnibus
1634 1622 1767 1687 ignis

210 1694 260 1740 et
295 1692 449 1741 rutilo
488 1691 683 1741 cunctis
721 1690 909 1755 flagrat
946 1707 1090 1740 coma
1125 1689 1360 1740 flammea
1397 1691 1555 1756 crine,

208 1761 296 1811 sed
334 1761 453 1826 quia
488 1778 594 1811 non
631 1763 770 1811 certa
807 1760 1085 1809 formarum
1123 1760 1177 1808 in
1214 1759 1324 1809 luce
1361 1763 1604 1810 notantur

224 1974 227 1976 —
321 1957 373 1995 60
411 1966 498 2005 qua
534 1954 662 2008 parte
699 1965 719 1995 e
754 1950 866 2005 quas
897 1953 991 1993 arte
1027 1951 1107 1992 VA
1251 1955 1304 1994 62
1342 1953 1578 1995 umbrifero
1609 1954 1682 1995 Ae
1714 1968 1808 1996 um-

204 2007 381 2062 bripero
421 2008 463 2050 V
601 2013 654 2051 63
691 2007 866 2062 palanti
903 2005 1083 2050 Grotius
1117 2007 1288 2060 palenti
1323 2007 1365 2049 V
1394 2008 1580 2061 pallenti
1609 2011 1685 2051 Ae
1713 2010 1808 2063 p·al

204 2063 321 2105 lanti
358 2063 400 2105 V
511 2069 564 2107 64
593 2077 706 2116 quae
736 2063 780 2106 A
811 2076 893 2116 que
929 2062 987 2105 Ve
1094 2067 1146 2105 65
1179 2063 1322 2106 efferri
1351 2023 1423 2104 Ap
1424 2063 1530 2106 eferi
1568 2065 1609 2106 V
1635 2065 1755 2107 efferi
1784 2079 1805 2108 e

207 2125 260 2162 66
298 2118 426 2161 Musa
462 2121 512 2161 ut
542 2119 775 2174 Cecropios
810 2132 836 2161 υ
873 2117 973 2159 Mus
1004 2119 1083 2160 aut
1126 2120 1255 2161 autce
1293 2119 1466 2173 cropios
1504 2120 1545 2161 V
1571 2121 1699 2163 Musa
1731 2123 1810 2163 aut

209 2175 440 2228 Cecropios
476 2175 518 2216 A
555 2175 654 2217 Mus
692 2176 769 2217 aut
805 2174 1024 2228 ceciopios
1062 2187 1083 2216 e
1117 2176 1132 2227 ΙΙ
1167 2175 1393 2228 raperetur
1433 2175 1542 2217 VAe
1580 2178 1807 2230 superaret

211 2229 392 2273 Grotius
426 2232 653 2284 repararet
689 2231 745 2272 R.
784 2230 924 2282 Unyer
961 2230 1014 2281 ef.
1046 2231 1188 2283 praef.
1213 2243 1259 2284 p.
1293 2230 1421 2272 XVI
1529 2237 1580 2274 67
1611 2232 1731 2274 furor
1773 2229 1813 2274 V

207 2287 335 2329 fauor
364 2287 436 2329 Ae
464 2289 479 2340 ss
510 2299 641 2329 uersu
669 2300 694 2329 v
724 2285 803 2327 fissi
839 2286 881 2328 V
903 2299 1079 2328 uersum
1109 2285 1182 2327 Ae
1289 2291 1341 2329 68
1372 2288 1573 2341 tempora
1595 2288 1668 2330 Ae
1697 2290 1806 2330 tem·

207 2354 316 2396 pera
354 2342 396 2384 V
527 2347 579 2385 69
610 2342 805 2385 ueliuolo
835 2341 878 2383 A
908 2341 1113 2383 ueniuolo
1150 2341 1192 2383 V
1215 2342 1305 2384 ueli
1335 2342 1436 2384 uolo
1467 2356 1488 2385 e
1627 2348 1677 2386 70
1707 2343 1811 2385 uiti-

212 2411 338 2440 como
378 2397 458 2439 VA
489 2398 598 2440 uicti
629 2410 751 2440 como
782 2410 803 2439 e
925 2401 976 2439 71
1008 2397 1131 2451 adyti
1161 2397 1235 2440 Ae
1263 2397 1404 2440 additi
1443 2398 1483 2439 V
1606 2404 1657 2441 76
1689 2399 1813 2442 Cirra

209 2454 369 2506 scripsi
397 2453 521 2496 Circa
559 2454 601 2496 V
626 2453 791 2507 Cyrrha
819 2453 862 2494 A
894 2452 1053 2496 Circha
1089 2466 1109 2495 e
1143 2453 1296 2495 Cirrha
1331 2466 1356 2495 v
1392 2454 1407 2506 ΙΙ
1444 2467 1489 2496 se
1529 2455 1587 2497 Ve
1615 2468 1694 2497 om.
1724 2455 1767 2496 A
1801 2455 1844 2510 Η

211 2509 397 2551 Helicon
419 2509 606 2563 inspirat
628 2523 649 2551 e
672 2510 815 2552 elicon
838 2508 1024 2562 inspirat
1048 2507 1317 2551 VHelicon
1304 2522 1341 2551 1s
1358 2509 1497 2563 spirat
1512 2511 1554 2551 A
1612 2525 1654 2552 u.
1672 2514 1730 2553 '77
1745 2512 1812 2552 in-

211 2565 417 2607 scribitwr
439 2564 662 2608 ΑΒΟΤΟΕ
696 2565 736 2607 V
753 2565 910 2606 Arctos
933 2565 1006 2606 Ae
1045 2569 1095 2606 77
1126 2565 1323 2606 aethram
1347 2578 1367 2606 e
1388 2578 1467 2607 om.
1497 2565 1577 2607 VA
1635 2570 1688 2608 80
1711 2579 1812 2620 pars

212 2620 443 2663 Schraderi
484 2622 814 2664 commentarius
848 2620 1164 2662 Berolinsensis
1207 2621 1261 2672 cf.
1299 2620 1477 2664 Hermes
1518 2622 1616 2664 XV
1642 2637 1686 2674 p.
1726 2626 1811 2665 183

212 2689 254 2717 oz.
288 2679 343 2718 54
373 2690 476 2719 nam
515 2677 630 2719 VAe
744 2681 796 2720 82
827 2674 871 2717 in
911 2675 1023 2719 VAe
1051 2677 1207 2719 deleuit
1235 2675 1413 2719 Grotius

1870 2506 1911 2658 ἱ

1901 2749 1911 2780 J

1888 2781 1904 2810 J

1887 2847 1899 2944 l
