1916 2944
788 96 1126 146 ᾖ27-

160 208 211 256 et
247 204 431 256 deuota
467 205 634 255 uirum
668 208 898 271 tegerent
935 206 1180 258 Libethra
1215 211 1557 274 peremptum,

158 275 330 325 intulit
365 274 496 326 hanc
533 276 674 326 caelo
712 276 981 327 miseratus
1018 277 1250 343 Iuppiter
1288 280 1450 328 artem

47 365 128 403 630
158 345 464 410 praestantis
500 345 718 411 iuueniS,
754 346 970 411 pecudes
1009 348 1095 413 qui
1134 350 1185 396 et
1221 347 1431 397 flumina
1466 349 1610 398 uates

157 414 379 465 flexerat.
452 431 510 464 ac
546 415 652 466 nixi
690 432 790 481 qua
826 418 985 466 semet
1023 416 1190 467 sidera
1225 420 1383 481 ponto

159 484 456 549 sustollunt,
498 485 701 534 laeuum
744 488 954 551 propter
994 486 1167 551 chelys
1204 486 1329 537 haec
1365 486 1530 537 femur
1566 486 1748 538 adstat.

158 554 365 604 aduolat
402 556 483 603 ast
519 554 660 604 aliud
695 555 831 605 latus
870 556 976 606 ales
1015 559 1066 606 et
1102 573 1192 606 ora
1228 573 1442 607 canoros

155 623 380 673 tenditur
415 624 479 673 ad
516 641 722 690 neruos,
757 625 923 675 media
958 628 1038 675 est
1071 626 1186 690 lyra
1222 626 1337 675 sede
1374 626 1561 687 dicata,

47 711 126 750 635
159 709 352 759 cygneo
391 693 548 759 capiti
584 697 635 744 et
672 711 826 746 curuo
865 695 1181 746 contermina
1218 695 1381 761 signo.

226 762 458 829 Namque
497 767 548 814 et
585 763 791 814 sidereis
829 780 1055 831 cygnus
1094 767 1232 815 secat
1268 765 1476 815 aethera
1512 765 1705 830 pinnis,

158 832 373 882 donatus
412 833 577 898 caelo,
613 851 717 884 non
755 835 890 884 claro
928 834 1124 885 lucidus
1162 837 1325 899 astro,

158 902 245 952 sed
281 905 452 952 tamen
491 920 547 953 os
584 903 819 970 flagrans>
848 906 899 953 et
934 906 1143 970 guttura
1178 904 1336 969 longa
1374 920 1660 954 coruscans.

157 972 436 1037 grandibus
479 973 615 1022 haud
656 973 887 1038 equidem
927 974 1109 1039 stellis,
1153 991 1256 1024 non
1291 973 1372 1023 his
1408 976 1584 1023 tamen
1621 974 1748 1023 atris

46 1059 128 1098 640
159 1042 449 1092 obscurisue
488 1043 657 1093 micat.
729 1043 893 1093 trahit
927 1043 981 1092 in
1018 1060 1245 1094 conuexa
1281 1044 1511 1093 uolatum

47 1406 126 1444 645

158 1112 451 1176 perfacilem
488 1115 539 1162 et
577 1111 753 1163 dextro
791 1114 893 1163 late
931 1111 1187 1178 Cepheida
1224 1113 1454 1163 dextram

157 1181 339 1231 radens
375 1182 588 1248 remigio
630 1200 828 1233 summa
865 1183 928 1232 ad
965 1183 1184 1248 uestigia
1220 1183 1421 1233 laeuam

158 1251 440 1300 declinatur
476 1251 603 1317 equi.
676 1252 749 1302 sic
786 1268 973 1318 magno
1010 1269 1223 1318 praepes
1262 1251 1481 1318 Olympo

159 1320 479 1385 subuehitur,
517 1321 654 1371 subit
693 1322 889 1372 occidui
926 1322 997 1372 sic
1034 1322 1303 1372 marmoris
1339 1322 1516 1371 undas.

227 1388 359 1440 Nam
396 1393 515 1454 post
550 1390 873 1456 cornipedem
909 1391 1132 1457 flagrant
1168 1392 1268 1441 duo
1308 1390 1473 1440 sidera
1509 1392 1671 1456 pisces
1682 1429 1695 1455 ‚

157 1460 322 1525 pisces
359 1459 647 1526 Bambycii,
686 1463 841 1526 caput
878 1464 1049 1510 autem
1086 1461 1262 1511 subter
1297 1461 1536 1526 equinum

160 1529 620 1580 Laomedontiadae
657 1547 711 1580 se
749 1529 927 1580 dextra
961 1530 1128 1580 tendit
1165 1530 1361 1595 ephebi.

159 1599 268 1664 ipse
305 1599 487 1649 dehinc
523 1600 705 1666 longos
743 1599 960 1665 insignis
999 1600 1285 1666 aquarius
1324 1602 1464 1650 artus

161 1669 333 1719 adstat
369 1669 432 1719 ad
467 1669 655 1719 hirsuti
692 1670 906 1719 caudam
943 1670 1155 1735 pulcher
1193 1669 1490 1734 capricorni.

271 1879 351 1918 628
394 1878 597 1931 tegerent
638 1889 660 1918 e
698 1877 869 1930 tegeret
915 1876 995 1917 VA
1031 1877 1046 1930 ΙΙ
1081 1875 1291 1918 Libethra
1327 1877 1370 1917 A
1406 1876 1630 1918 libenthra
1673 1875 1716 1917 V

157 1933 434 1987 peremptum
471 1932 513 1973 V
535 1932 768 1985 potentum
798 1933 841 1973 A
913 1937 993 1974 629
1023 1932 1255 1974 miseratus
1285 1945 1306 1974 e
1334 1931 1566 1974 miseratus
1596 1945 1752 1975 marius

156 1992 186 2030 2
215 1990 264 2030 iri
291 2001 451 2030 rasura
481 1987 634 2040 ‘fuisse
656 1993 795 2041 potest
825 1988 938 2030 sera'
976 1988 1016 2029 V
1040 1987 1225 2029 miratus
1247 1989 1290 2029 A
1357 1993 1437 2030 630
1461 1988 1652 2042 pecudes
1677 1988 1754 2041 qui

157 2044 451 2098 vpecudesq.
488 2043 531 2085 V
560 2043 838 2107 pecudesque
874 2043 947 2085 Ae
1061 2048 1139 2085 631
1179 2044 1358 2085 flexerat
1396 2043 1435 2085 V
1468 2043 1639 2086 flexerit
1666 2044 1710 2085 A
1739 2044 1754 2097 Η

159 2113 210 2143 ac
237 2099 329 2142 nixi
357 2100 514 2154 scripsi
542 2098 693 2142 adnixi
728 2099 808 2141 VA
837 2100 899 2141 At
922 2099 1028 2141 Nixi
1051 2099 1230 2142 Grotius
1251 2101 1266 2152 ΙΙ
1287 2100 1424 2153 ponto
1448 2099 1678 2153 Hauptius
1701 2100 1755 2151 cf.

159 2156 336 2198 Hermes
377 2155 483 2198 VII
508 2169 557 2211 p.
596 2158 652 2198 13
687 2168 816 2208 porro
863 2155 939 2196 VA
1083 2159 1163 2197 633
1201 2157 1271 2197 ast
1307 2154 1428 2196 aliud
1476 2155 1518 2196 V
1549 2160 1754 2209 quattuor

160 2213 400 2254 litterarum
441 2213 634 2266 spatium
675 2225 865 2253 uacuum
900 2212 1078 2264 praebet
1113 2210 1157 2252 A
1188 2213 1203 2265 ΙΙ
1235 2211 1351 2252 latus
1396 2211 1438 2252 V
1468 2211 1675 2253 laudatus
1713 2211 1757 2253 A

160 2272 242 2310 634
277 2266 476 2309 tenditur
518 2267 560 2308 V
590 2267 791 2309 tunditur
819 2268 862 2308 A
899 2269 913 2318 ΙΙ
948 2267 1045 2320 lyra
1083 2267 1198 2320 (lira)
1236 2266 1338 2309 sede
1376 2266 1419 2306 V
1449 2266 1569 2308 haud
1609 2267 1690 2324 ede
1714 2267 1757 2308 A

159 2337 202 2365 u.
234 2326 321 2366 636
348 2324 605 2366 inscribitur
635 2322 862 2365 CYCNVS
900 2322 942 2363 V
970 2336 1135 2376 cygnus
1164 2322 1208 2364 A
1324 2327 1405 2364 636
1437 2321 1617 2364 sidereis
1647 2335 1672 2364 v
1702 2322 1758 2364 si·

162 2379 293 2421 deriis
324 2379 366 2420 V
393 2378 588 2432 sydoniis
611 2379 652 2420 A
675 2379 690 2431 ΙΙ
713 2392 878 2432 cygnus
901 2379 943 2419 A
973 2380 1022 2420 iri
1050 2391 1208 2421 rasura
1236 2391 1392 2420 mamis
1415 2381 1443 2420 2
1475 2378 1516 2419 V
1571 2383 1650 2420 637
1681 2378 1757 2420 do-

131 2478 136 2484 ,
160 2436 290 2476 natus
329 2434 371 2476 V
396 2435 586 2477 Conatus
616 2436 657 2476 A
773 2439 852 2476 639
890 2434 979 2475 his·
998 2434 1040 2474 V
1063 2433 1137 2475 hic
1166 2434 1209 2475 A
1324 2438 1406 2476 640
1437 2434 1685 2476 obscurisue
1715 2435 1758 2475 A

162 2502 317 2532 viarius
346 2495 372 2533 1
403 2490 652 2533 obscurisbe
681 2503 837 2532 marius
858 2495 888 2533 2
922 2489 962 2531 V
1014 2503 1057 2531 u.
1084 2493 1167 2532 645
1189 2490 1444 2531 inscribitur
1466 2488 1757 2539 AQVARIVS

169 2545 249 2588 VA
307 2551 388 2589 646
410 2545 640 2600 Bambycii
663 2546 842 2588 Grotius
864 2545 1086 2598 bombycii
1111 2545 1378 2587 VBombicii
1394 2545 1436 2586 A
1495 2549 1575 2587 647
1601 2545 1761 2599 ephebi

172 2601 214 2642 V
238 2602 427 2655 ephoebi
455 2603 499 2645 A
584 2607 664 2645 648
697 2604 815 2644 artus
854 2602 896 2643 V
921 2602 1107 2644 correxit
1134 2614 1290 2643 manus
1317 2604 1347 2643 2
1376 2603 1418 2641 A
1506 2605 1587 2642 649
1618 2601 1760 2655 capri-

164 2657 284 2699 corni
313 2658 356 2699 A
387 2657 647 2713 capricornu
681 2657 723 2699 V
