1916 2944
827 128 1167 177 -74-

54 254 162 292 1810
193 241 467 291 discutiant
502 244 688 304 terrae,
725 239 899 289 ueniet
934 238 1013 288 uis
1052 238 1255 288 aethere
1291 241 1403 288 toto
1469 279 1471 281 .

193 311 303 360 dira
339 311 697 375 procellarum,
733 309 824 358 nix
861 309 1027 359 omnis
1063 308 1251 358 uestiet
1287 325 1458 374 agros,

191 380 282 430 nix
318 380 504 430 herbas
540 378 710 429 laedet
744 381 970 443 16116168,
1006 378 1096 427 nix
1133 380 1247 428 uret
1284 378 1482 428 aristas.

194 453 247 500 at
284 450 328 499 si
366 449 641 516 contigerit
675 449 847 514 plures
886 448 1060 498 ardere
1098 450 1347 512 cometaS,

192 519 445 569 inualidas
484 522 681 585 segetes
718 518 935 568 torrebit
973 517 1152 568 siccior
1189 534 1287 568 aer.

54 603 160 642 1815
193 606 312 639 nam
351 606 480 654 quae
515 590 855 654 prorumpunt
889 591 1102 638 naturae
1138 587 1338 653 legibus
1376 588 1511 638 ultro

196 659 508 724 spiramenta
547 659 663 724 soli,
701 659 745 708 si
781 659 945 708 iustus
984 657 1144 707 defuit
1179 657 1385 722 humor,

194 729 356 795 arida,
392 746 484 794 per
521 729 719 779 caelum
758 729 1040 794 surgentia,
1078 727 1293 792 desuper
1330 727 1535 776 aethrae

193 800 463 865 ignescunt
498 798 717 849 fiammis
754 798 1028 863 mundique
1065 798 1267 862 inpulsa
1304 798 1470 847 calore

194 869 457 919 excutiunt
494 869 668 919 stellas
706 871 757 918 61
793 869 969 918 crebro
1008 868 1142 917 crine
1179 868 1472 917 rubescunt.

53 953 162 991 1820
264 937 651 1004 Contemplator
687 938 833 988 item:
874 938 917 988 si
953 938 1108 1003 longo
1147 937 1365 1002 plurima
1401 940 1559 1001 ponto

193 1009 401 1074 agmina
437 1009 684 1058 festinant
719 1008 986 1058 uolucrum
1025 1007 1344 1072 solidamque
1380 1006 1669 1072 frequentes

193 1079 469 1128 succedunt
505 1082 719 1144 terram,
759 1078 946 1128 sterilis
987 1077 1245 1127 desaeuiet
1281 1079 1451 1126 aestus

194 1165 252 1198 ac
291 1148 467 1198 sitient
505 1149 632 1215 agri.
704 1165 826 1198 nam
863 1165 963 1213 qua
1000 1147 1291 1197 circumflua
1326 1147 1477 1196 tellus

193 1218 412 1268 adluitur
448 1219 653 1284 pelago,
691 1218 865 1282 coquit
901 1218 1032 1267 altas
1070 1218 1249 1267 siccior
1286 1234 1373 1266 aer

54 1301 163 1341 1825
194 1289 433 1352 caespitis
472 1288 663 1338 arentis
701 1305 857 1338 uenas
895 1287 1145 1353 citiusque
1183 1287 1403 1337 calorem

195 1359 352 1408 sentit
389 1358 573 1408 humus
613 1359 866 1408 succincta
904 1357 1027 1407 8610.
1099 1358 1222 1423 fuga
1259 1357 1491 1422 protinus
1530 1372 1650 1421 ergo

194 1431 273 1478 est
310 1428 481 1478 auium
518 1429 573 1478 in
609 1431 793 1494 161168;
831 1430 1007 1493 pauet,
1043 1428 1137 1477 has
1176 1429 1233 1476 ut
1268 1425 1474 1491 uiderit,
1513 1429 1682 1475 aestus

194 1498 419 1563 agricola
457 1501 508 1548 et
546 1498 677 1548 sicco
714 1498 817 1548 iam
855 1497 1005 1547 deflet
1041 1497 1256 1562 mergite
1295 1496 1501 1546 culmos.

194 1567 283 1617 sed
319 1568 363 1617 si
398 1571 509 1618 tum
547 1568 744 1618 modico
782 1567 1066 1632 producant
1103 1567 1310 1633 agmina
1347 1566 1412 1615 ab
1449 1565 1599 1615 undis

54 1653 163 1691 1830
193 1655 285 1687 1166
322 1638 521 1702 trepido
558 1638 752 1702 passim
790 1639 998 1687 uersent
1036 1653 1261 1688 conuexa
1296 1636 1494 1701 uolatu,

193 1708 387 1757 laetitia
424 1710 502 1757 est
538 1708 676 1757 duris
713 1707 1027 1773 pastoribus,
1065 1707 1236 1757 adfore
1274 1723 1455 1771 parcos

192 1781 526 1842 praesumunt
562 1779 765 1828 imbres.
840 1777 912 1827 sic
949 1778 1003 1827 in
1040 1776 1298 1828 contraria
1335 1792 1535 1841 semper

192 1851 315 1898 uota
351 1847 575 1898 hominis
613 1848 811 1914 agimur
847 1848 1110 1913 nostrique
1147 1846 1380 1911 cupidine
1418 1845 1612 1895 fructus

192 1918 449 1981 poscimus
488 1918 698 1968 alterius
737 1917 1014 1982 dispendia.
1090 1917 1303 1982 denique
1342 1918 1392 1965 et
1427 1916 1541 1981 ipsa

55 2002 162 2040 1835
195 1987 374 2038 sollers
410 1991 595 2038 natura
634 1991 685 2038 61
720 2005 888 2038 16111111
926 1987 1219 2054 genitabilis
1259 1986 1380 2036 ordo

308 2200 416 2238 1810
447 2195 689 2237 discutiant
716 2208 741 2238 v
771 2195 1006 2249 DisiJciant
1033 2195 1077 2235 A
1106 2193 1345 2236 Dissutiant
1373 2207 1394 2235 6
1498 2197 1604 2234 1812
1635 2193 1793 2234 herbas

151 2276 154 2278 v
193 2264 214 2293 e
250 2251 410 2308 herbas
440 2253 483 2292 A
600 2255 707 2294 1813
746 2252 899 2293 ardere
934 2264 958 2292 v
990 2251 1144 2293 ardore
1173 2250 1253 2292 Ae
1369 2253 1476 2291 1815
1506 2250 1795 2303 prorumpunt

193 2321 213 2349 6
241 2309 531 2361 perrumpunt
558 2307 602 2348 A
708 2311 816 2348 1818
846 2307 1081 2361 ignescunt
1110 2320 1131 2348 e
1158 2307 1387 2360 ignescent
1414 2305 1458 2346 A
1561 2309 1667 2346 1822
1699 2318 1794 2346 suc-

194 2364 357 2405 cedunt
385 2377 406 2406 6
435 2364 676 2406 succedunt
703 2363 746 2405 A
769 2364 783 2417 ΙΙ
816 2365 963 2405 6681118
994 2377 1014 2404 6
1043 2364 1187 2405 668168
1217 2363 1259 2404 A
1376 2365 1482 2403 1823
1514 2374 1567 2402 66
1595 2360 1746 2402 81116111
1774 2374 1794 2403 6

193 2418 404 2461 6881616111
432 2421 475 2460 A
593 2424 701 2461 1824
732 2420 888 2462 siccior
916 2433 936 2460 6
967 2418 1098 2461 816101·
1126 2421 1169 2460 A
1285 2421 1392 2459 1825
1422 2429 1555 2459 uenas
1578 2417 1620 2457 A
1651 2416 1794 2458 uentis

192 2489 215 2518 6
244 2475 298 2527 cf.
330 2475 508 2518 Hermes
541 2475 662 2516 XVI
690 2489 737 2529 10.
771 2479 854 2517 134
883 2489 926 2516 n.
957 2479 1014 2517 99
1132 2478 1239 2517 1826
1270 2473 1492 2515 succincta
1523 2472 1701 2514 Grotius
1731 2472 1794 2514 sic

195 2531 340 2574 cincta
369 2533 412 2572 A
529 2535 635 2574 1827
676 2534 742 2573 681
772 2546 792 2574 6
821 2533 955 2573 Festa
983 2532 1026 2572 A
1055 2532 1070 2581 ΙΙ
1098 2530 1177 2572 1168
1208 2530 1439 2573 Schraderi
1468 2529 1794 2571 commentarius

192 2587 338 2630 Berol.
370 2588 450 2629 hos
480 2589 523 2629 A
640 2591 747 2629 1828
779 2587 912 2629 defiet
941 2600 961 2628 6
991 2586 1123 2643 deflet
1151 2586 1194 2627 A
1291 2589 1397 2626 1829
1429 2584 1465 2626 81
1494 2587 1590 2626 tum
1620 2583 1793 2626 modico

194 2657 219 2685 v
257 2643 293 2685 si
327 2643 521 2685 imodioo
551 2643 595 2684 A
631 2643 666 2684 I'i
703 2642 877 2686 modico
907 2656 928 2685 6
955 2644 970 2696 ΙΙ
1007 2643 1062 2683 61)
1091 2642 1220 2684 undis
1250 2654 1271 2682 6
1300 2641 1497 2683 abundas
1527 2640 1570 2680 A

193 2712 350 2753 parcos
380 2712 401 2742 6
431 2712 576 2742 861608
605 2700 646 2740 A
768 2704 876 2742 1834
904 2698 1125 2753 poscimus
1155 2711 1176 2740 6
1204 2697 1433 2740 Ρο861111111
1461 2698 1504 2738 A

1812 252 1875 283 485

1813 601 1876 632 490

1811 949 1875 980 495

1814 1298 1876 1329 500

1813 1648 1876 1680 505

1814 1998 1877 2029 510
