1916 2944
766 153 1103 202 -19-

139 279 328 313 cornua
365 262 436 312 sic
473 278 594 312 uera
632 263 724 313 sub
762 263 980 330 imagine
1018 280 1174 316 curua
1210 263 1495 331 dehiscunt,

138 333 208 383 sic
244 331 461 382 mediam
498 332 672 382 creber
706 333 877 398 pecori
912 333 1133 384 frontem
1171 338 1375 399 asperat
1411 335 1566 401 igniS‚

137 402 207 452 sic
243 401 475 467 hyades
513 402 648 452 tauri
683 405 795 453 toto
832 404 1008 468 procul
1046 420 1132 454 ore
1170 407 1448 455 coruscant.

22 484 103 522 435
137 475 191 522 at
227 471 419 522 borean
454 471 601 522 laeuo
641 489 740 538 qua
776 475 952 522 taurus
989 473 1218 524 acumine
1253 474 1448 540 pulsat,

137 542 351 608 desuper
388 541 595 607 aurigae
633 542 806 592 dexter
841 560 931 608 pes
968 543 1200 593 imminet
1236 546 1389 594 astro,

135 629 237 662 una
273 611 453 677 pedem
491 612 700 678 aurigae
736 611 969 662 dextrum
1007 629 1313 678 cornumque
1352 613 1614 663 sinistrum

137 681 283 731 stella
319 683 460 731 tenet
496 682 709 746 pecoris,
782 682 932 731 simul
969 682 1024 732 in
1061 699 1286 733 connexa
1322 682 1573 748 feruntur,

136 750 223 802 sed
262 751 403 816 prior
439 751 632 802 occidui
668 754 846 801 taurus
885 752 1021 802 subit
1059 753 1291 818 aequoris
1328 752 1504 803 undas.

0 802 105 871 Ι440
204 819 312 871 Nec
348 838 460 871 mea
495 838 643 871 musa
680 838 851 872 senem
887 822 1099 872 tacitum
1137 819 1377 887 Cephea
1412 823 1686 889 relinquet,

22 902 104 941 447
135 907 240 941 non
277 893 393 956 eget
427 890 576 940 liuius
614 891 748 941 enim
788 890 929 942 sedes
970 909 1113 942 sacra
1149 891 1387 942 mominis
1424 891 1599 943 hilum.

22 971 104 1010 441
134 959 338 1010 Iasiden
376 977 574 1026 quoque
613 978 810 1011 summa
846 961 953 1027 poli
990 960 1193 1026 Cephea
1228 962 1520 1027 reuoluunt‚

132 1030 280 1080 illum
318 1029 439 1095 quin
476 1030 632 1080 etiam
669 1031 852 1081 rutilae
890 1033 1035 1096 pater
1071 1031 1246 1081 intulit
1281 1031 1486 1082 aethrae

134 1099 442 1165 donauitque
479 1100 614 1165 polo.
685 1103 832 1168 tergo
871 1099 1218 1166 Cynosuridos
1255 1118 1403 1151 ursae

133 1172 251 1234 post
287 1169 489 1220 habitat
525 1170 852 1236 geminasque
890 1187 1071 1221 manus
1110 1188 1139 1220 a
1174 1174 1379 1235 pectore
1415 1171 1595 1221 tendit.

20 1249 103 1289 445
136 1241 189 1288 at
226 1238 428 1289 diducta
465 1239 617 1305 pedes
654 1242 856 1290 tantum
892 1257 1129 1290 mensura
1165 1241 1347 1291 seniles

20 1321 102 1359 446
136 1308 338 1373 diuidit,
376 1310 601 1359 extrema
640 1313 885 1389 quantum
921 1310 1046 1375 pede
1085 1310 1242 1360 distat
1277 1311 1341 1360 ab
1379 1328 1513 1361 ursa.

21 1390 102 1428 448
204 1377 426 1428 Rursum
465 1378 645 1428 decliui
685 1379 727 1429 si
763 1379 933 1429 uisum
968 1380 1173 1429 tramite
1209 1395 1414 1445 uergas,

134 1448 299 1513 prima
334 1447 430 1498 tibi
465 1450 523 1497 ut
558 1448 676 1498 flexi
713 1448 973 1514 linquatur
1010 1466 1150 1514 sp1ra
1160 1449 1443 1568 Ϊἓιέκᾱοωε,

2 1555 7 1563 .
20 1529 103 1568 450
133 1517 502 1568 infortunatam
541 1518 795 1583 spectabis
834 1517 873 1569 C
884 1536 912 1567 a
924 1536 946 1568 s
959 1536 981 1568 s
991 1519 1008 1568 i
1018 1536 1044 1568 e
1053 1535 1085 1584 p
1094 1518 1111 1567 i
1122 1536 1151 1568 a

0 1851 7 2008 ε

133 1587 219 1637 sed
256 1604 349 1637 nec
386 1587 548 1637 multa
583 1590 778 1653 tamen,
815 1605 930 1638 cum
969 1588 1165 1638 caelum
1200 1587 1391 1638 lumine
1428 1590 1539 1638 toto

131 1657 256 1707 luna
291 1657 476 1723 replet,
513 1659 731 1707 taetram
767 1661 825 1707 ut
861 1661 1066 1722 superet
1102 1658 1187 1707 fax
1225 1675 1377 1708 aurea
1411 1661 1635 1723 noctem,

133 1729 362 1777 occurret
398 1727 629 1793 genetrix
667 1727 826 1777 oculis
866 1728 1242 1793 quaerentibus.
1316 1727 1486 1777 adstat

132 1796 298 1846 lurida
334 1797 601 1861 maerenti3
639 1797 808 1846 tenuis
845 1797 993 1846 rubet
1029 1797 1164 1863 ignis
1203 1800 1253 1846 et
1291 1814 1441 1863 aegre

0 1843 101 1916 7455
132 1867 219 1916 lux
256 1866 410 1916 hebes
449 1870 526 1916 est
562 1867 737 1932 matri,
772 1867 858 1916 uix
897 1867 1098 1932 qualem
1136 1866 1285 1917 Caria
1322 1867 1579 1932 quondam

241 2091 321 2128 433
359 2087 551 2130 mediam
583 2087 763 2130 Grotius
792 2087 939 2129 media
977 2086 1058 2128 VA
1201 2092 1283 2130 437
1314 2100 1582 2140 cornumque
1618 2086 1730 2130 VAe

130 2155 349 2196 cornuque
384 2156 410 2186 υ
447 2144 501 2194 cf.
533 2143 713 2185 Hermes
744 2143 844 2184 XV
867 2156 915 2196 p.
948 2147 1035 2185 186
1064 2156 1107 2185 ri.
1139 2147 1196 2186 63
1337 2147 1419 2186 438
1456 2143 1657 2186 feruntur
1684 2144 1728 2185 A

128 2198 196 2240 fei·
238 2198 279 2239 V
387 2212 430 2241 u.
465 2203 550 2242 440
585 2200 841 2242 inscribitur
871 2198 1130 2242 CEPHEVS
1169 2199 1251 2240 VA
1365 2203 1447 2241 440
1483 2199 1670 2241 tacitum
1708 2213 1729 2243 e

127 2269 299 2311 tantum
331 2255 411 2322 (ἶῶ
434 2268 492 2322 A)
525 2269 606 2310 VA
691 2283 732 2311 u.
765 2272 849 2311 447
870 2269 940 2310 hie
962 2269 1095 2322 posui
1124 2268 1177 2319 ef.
1202 2267 1380 2311 Hermes
1405 2269 1550 2310 XIII
1573 2282 1618 2322 p.
1642 2273 1728 2312 364

127 2338 170 2366 ri.
201 2328 258 2368 47
371 2328 450 2366 447
488 2323 692 2367 mominis
721 2325 878 2378 scripsi
905 2324 1093 2366 nominis
1131 2323 1174 2365 V
1196 2323 1387 2367 numinis
1417 2325 1459 2366 A
1489 2327 1504 2378 ΙΙ
1532 2325 1672 2366 hilum
1701 2339 1728 2369 v

127 2380 254 2421 illum
283 2379 391 2423 VAe
484 2384 566 2422 445
598 2383 644 2423 at
673 2393 693 2421 e
723 2380 779 2422 ad.
815 2380 893 2422 VA
916 2382 930 2434 ΙΙ
952 2381 1124 2422 tantum
1165 2379 1245 2421 VA
1274 2380 1422 2422 tamen
1451 2394 1472 2422 e
1567 2394 1612 2424 u.
1640 2384 1728 2424 448

128 2436 383 2478 inscribitur
400 2435 693 2478 CAslePIA
715 2435 749 2477 V
774 2436 979 2489 casiopea
1001 2435 1044 2477 A
1102 2439 1184 2476 450
1200 2434 1521 2478 Infortunatam
1538 2450 1558 2478 e
1581 2436 1727 2490 inpor-

127 2493 330 2533 tunatam
362 2492 402 2534 V
419 2493 765 2546 importunatam
788 2491 832 2533 A
853 2493 868 2545 ΙΙ
891 2491 1159 2544 Cassiepiam
1187 2490 1230 2532 V
1247 2490 1525 2546 Cassiopeam
1542 2491 1586 2533 A
1642 2496 1724 2534 452

127 2548 314 2589 taetram
337 2549 528 2601 (tetram)
557 2548 597 2589 V
615 2549 776 2590 terram
793 2548 836 2588 A
916 2552 996 2589 453
1023 2546 1158 2589 oculis
1174 2547 1217 2588 A
1241 2547 1376 2589 ocolis
1401 2549 1452 2601 (‘?)
1485 2548 1525 2589 V
1542 2549 1558 2602 ΙΙ
1579 2548 1728 2591 adstat

128 2603 354 2656 Hauptius
397 2604 450 2655 cf.
490 2604 668 2646 Hermes
711 2603 809 2645 VII
845 2616 892 2656 p.
932 2607 987 2645 13
1033 2602 1194 2644 adsunt
1237 2602 1318 2644 VA
1460 2607 1543 2645 454
1581 2604 1726 2646 lurida

129 2658 358 2702 Schraderi
408 2660 734 2702 commentarius
776 2659 919 2701 Berol.
968 2659 1197 2711 Hauptius
1247 2659 1301 2710 cf.
1352 2659 1530 2702 Hermes
1586 2661 1724 2703 eodem

129 2727 248 2768 quem
277 2716 399 2758 modo
429 2717 630 2758 indicaui
661 2717 749 2758 loco
779 2719 816 2758 et
849 2715 945 2758 XV
963 2728 1008 2770 10·
1040 2718 1127 2757 183
1157 2727 1200 2756 ri.
1233 2718 1286 2757 54
1315 2714 1463 2756 lucida
1497 2715 1576 2758 VA

1330 2785 1386 2826 2*
